@article{ma2018using,
  title={Using deep learning to model the hierarchical structure and function of a cell},
  author={Ma, Jianzhu and Yu, Michael Ku and Fong, Samson and Ono, Keiichiro and Sage, Eric and Demchak, Barry and Sharan, Roded and Ideker, Trey},
  journal={Nature methods},
  volume={15},
  number={4},
  pages={290},
  year={2018},
  publisher={Nature Publishing Group}
}

@article{van2007super,
  title={Super learner},
  author={Van der Laan, Mark J and Polley, Eric C and Hubbard, Alan E},
  journal={Statistical applications in genetics and molecular biology},
  volume={6},
  number={1},
  year={2007},
  publisher={De Gruyter}
}

@article{horvitz1952generalization,
  title={A generalization of sampling without replacement from a finite universe},
  author={Horvitz, Daniel G and Thompson, Donovan J},
  journal={Journal of the American statistical Association},
  volume={47},
  number={260},
  pages={663--685},
  year={1952},
  publisher={Taylor \& Francis Group}
}

@article{royston2004new,
  title={A new measure of prognostic separation in survival data},
  author={Royston, Patrick and Sauerbrei, Willi},
  journal={Statistics in medicine},
  volume={23},
  number={5},
  pages={723--748},
  year={2004},
  publisher={Wiley Online Library}
}

@article{kirk2013model,
  title={Model selection in systems and synthetic biology},
  author={Kirk, Paul and Thorne, Thomas and Stumpf, Michael PH},
  journal={Current opinion in biotechnology},
  volume={24},
  number={4},
  pages={767--774},
  year={2013},
  publisher={Elsevier}
}

@book{lindeman1980introduction,
  title={Introduction to bivariate and multivariate analysis},
  author={Lindeman, Richard Harold},
  year={1980},
  publisher={Glenview, Ill: Scott, Foresman}
}

@article{gromping2006relative,
  title={Relative importance for linear regression in R: the package relaimpo},
  author={Gr{\"o}mping, Ulrike and others},
  journal={Journal of statistical software},
  volume={17},
  number={1},
  pages={1--27},
  year={2006}
}

@article{choodari2012simulation,
  title={A simulation study of predictive ability measures in a survival model I: explained variation measures},
  author={Choodari-Oskooei, Babak and Royston, Patrick and Parmar, Mahesh KB},
  journal={Statistics in medicine},
  volume={31},
  number={23},
  pages={2627--2643},
  year={2012},
  publisher={Wiley Online Library}
}

@article{de2015pragmatic,
  title={Pragmatic issues in biomarker evaluation for targeted therapies in cancer},
  author={De Gramont, Armand and Watson, Sarah and Ellis, Lee M and Rod{\'o}n, Jordi and Tabernero, Josep and De Gramont, Aimery and Hamilton, Stanley R},
  journal={Nature reviews Clinical oncology},
  volume={12},
  number={4},
  pages={197},
  year={2015},
  publisher={Nature Publishing Group}
}

@article{friedman2015precision,
  title={Precision medicine for cancer with next-generation functional diagnostics},
  author={Friedman, Adam A and Letai, Anthony and Fisher, David E and Flaherty, Keith T},
  journal={Nature Reviews Cancer},
  volume={15},
  number={12},
  pages={747--756},
  year={2015},
  publisher={Nature Publishing Group}
}

@article{abou2003overview,
  title={An overview of targeted treatments in cancer},
  author={Abou-Jawde, Rony and Choueiri, Toni and Alemany, Carlos and Mekhail, Tarek},
  journal={Clinical therapeutics},
  volume={25},
  number={8},
  pages={2121--2137},
  year={2003},
  publisher={Elsevier}
}

@article{le2015molecularly,
  title={Molecularly targeted therapy based on tumour molecular profiling versus conventional therapy for advanced cancer (SHIVA): a multicentre, open-label, proof-of-concept, randomised, controlled phase 2 trial},
  author={Le Tourneau, Christophe and Delord, Jean-Pierre and Gon{\c{c}}alves, Anthony and Gavoille, C{\'e}line and Dubot, Coraline and Isambert, Nicolas and Campone, Mario and Tr{\'e}dan, Olivier and Massiani, Marie-Ange and Mauborgne, C{\'e}cile and others},
  journal={The lancet oncology},
  volume={16},
  number={13},
  pages={1324--1334},
  year={2015},
  publisher={Elsevier}
}

@article{rodon2019genomic,
  title={Genomic and transcriptomic profiling expands precision cancer medicine: the WINTHER trial},
  author={Rodon, Jordi and Soria, Jean-Charles and Berger, Raanan and Miller, Wilson H and Rubin, Eitan and Kugel, Aleksandra and Tsimberidou, Apostolia and Saintigny, Pierre and Ackerstein, Aliza and Bra{\~n}a, Irene and others},
  journal={Nature medicine},
  volume={25},
  number={5},
  pages={751},
  year={2019},
  publisher={Nature Publishing Group}
}

@article{hansen2013computation,
  title={Computation as the mechanistic bridge between precision medicine and systems therapeutics},
  author={Hansen, J and Iyengar, R},
  journal={Clinical Pharmacology \& Therapeutics},
  volume={93},
  number={1},
  pages={117--128},
  year={2013},
  publisher={Wiley Online Library}
}

@article{hernan2016using,
  title={Using big data to emulate a target trial when a randomized trial is not available},
  author={Hern{\'a}n, Miguel A and Robins, James M},
  journal={American journal of epidemiology},
  volume={183},
  number={8},
  pages={758--764},
  year={2016},
  publisher={Oxford University Press}
}

@article{vanderweele2013causal,
  title={Causal inference under multiple versions of treatment},
  author={VanderWeele, Tyler J and Hernan, Miguel A},
  journal={Journal of causal inference},
  volume={1},
  number={1},
  pages={1--20},
  year={2013},
  publisher={De Gruyter}
}

@article{hernan2011compound,
  title={Compound treatments and transportability of causal inference},
  author={Hern{\'a}n, Miguel A and VanderWeele, Tyler J},
  journal={Epidemiology (Cambridge, Mass.)},
  volume={22},
  number={3},
  pages={368},
  year={2011},
  publisher={NIH Public Access}
}

@article{freidlin2010randomized,
  title={Randomized clinical trials with biomarkers: design issues},
  author={Freidlin, Boris and McShane, Lisa M and Korn, Edward L},
  journal={Journal of the National Cancer Institute},
  volume={102},
  number={3},
  pages={152--160},
  year={2010},
  publisher={Oxford University Press}
}

@article{sargent2005clinical,
  title={Clinical trial designs for predictive marker validation in cancer treatment trials},
  author={Sargent, Daniel J and Conley, Barbara A and Allegra, Carmen and Collette, Laurence},
  journal={Journal of Clinical Oncology},
  volume={23},
  number={9},
  pages={2020--2027},
  year={2005},
  publisher={American Society of Clinical Oncology}
}

@article{cree2007prospective,
  title={A prospective randomized controlled trial of tumour chemosensitivity assay directed chemotherapy versus physician's choice in patients with recurrent platinum-resistant ovarian cancer},
  author={Cree, Ian A and Kurbacher, Christian M and Lamont, Alan and Hindley, Andrew C and Love, Sharon and TCA Ovarian Cancer Trial Group and others},
  journal={Anti-cancer drugs},
  volume={18},
  number={9},
  pages={1093--1101},
  year={2007},
  publisher={LWW}
}

@article{rubin1974estimating,
  title={Estimating causal effects of treatments in randomized and nonrandomized studies.},
  author={Rubin, Donald B},
  journal={Journal of educational Psychology},
  volume={66},
  number={5},
  pages={688},
  year={1974},
  publisher={American Psychological Association}
}

@article{rubin1980randomization,
  title={Randomization analysis of experimental data: The Fisher randomization test comment},
  author={Rubin, Donald B},
  journal={Journal of the American Statistical Association},
  volume={75},
  number={371},
  pages={591--593},
  year={1980},
  publisher={JSTOR}
}

@article{vanderweele2009concerning,
  title={Concerning the consistency assumption in causal inference},
  author={VanderWeele, Tyler J},
  journal={Epidemiology},
  volume={20},
  number={6},
  pages={880--883},
  year={2009},
  publisher={LWW}
}

@misc{robins2000marginal,
  title={Marginal structural models and causal inference in epidemiology},
  author={Robins, James M and Hernan, Miguel Angel and Brumback, Babette},
  year={2000},
  publisher={LWW}
}

@article{cole2008constructing,
  title={Constructing inverse probability weights for marginal structural models},
  author={Cole, Stephen R and Hern{\'a}n, Miguel A},
  journal={American journal of epidemiology},
  volume={168},
  number={6},
  pages={656--664},
  year={2008},
  publisher={Oxford University Press}
}

@article{feng2012generalized,
  title={Generalized propensity score for estimating the average treatment effect of multiple treatments},
  author={Feng, Ping and Zhou, Xiao-Hua and Zou, Qing-Ming and Fan, Ming-Yu and Li, Xiao-Song},
  journal={Statistics in medicine},
  volume={31},
  number={7},
  pages={681--697},
  year={2012},
  publisher={Wiley Online Library}
}

@article{imbens2000role,
  title={The role of the propensity score in estimating dose-response functions},
  author={Imbens, Guido W},
  journal={Biometrika},
  volume={87},
  number={3},
  pages={706--710},
  year={2000},
  publisher={Oxford University Press}
}

@article{van2011ipw,
  title={ipw: an R package for inverse probability weighting},
  author={van der Wal, Willem M and Geskus, Ronald B and others},
  journal={J Stat Softw},
  volume={43},
  number={13},
  pages={1--23},
  year={2011}
}

@article{coyne2017defining,
  title={Defining precision: the precision medicine initiative trials NCI-MPACT and NCI-MATCH},
  author={Coyne, Geraldine Oâ€™Sullivan and Takebe, Naoko and Chen, Alice P},
  journal={Current problems in cancer},
  volume={41},
  number={3},
  pages={182--193},
  year={2017},
  publisher={Elsevier}
}

@article{therasse2000new,
  title={New guidelines to evaluate the response to treatment in solid tumors},
  author={Therasse, Patrick and Arbuck, Susan G and Eisenhauer, Elizabeth A and Wanders, Jantien and Kaplan, Richard S and Rubinstein, Larry and Verweij, Jaap and Van Glabbeke, Martine and van Oosterom, Allan T and Christian, Michaele C and others},
  journal={Journal of the National Cancer Institute},
  volume={92},
  number={3},
  pages={205--216},
  year={2000},
  publisher={Oxford University Press}
}

@article{flaherty2020molecular,
  title={THE MOLECULAR ANALYSIS FOR THERAPY CHOICE (NCI-MATCH) TRIAL: LESSONS for GENOMIC TRIAL DESIGN},
  author={Flaherty, Keith T and Gray, Robert and Chen, Alice and Li, Shuli and Patton, David and Hamilton, Stanley R and Williams, Paul M and Mitchell, Edith P and Iafrate, A John and Sklar, Jeffrey and others},
  journal={JNCI: Journal of the National Cancer Institute},
  year={2020}
}

@book{van2011targeted,
  title={Targeted learning: causal inference for observational and experimental data},
  author={Van der Laan, Mark J and Rose, Sherri},
  year={2011},
  publisher={Springer Science \& Business Media}
}

@article{luque2018targeted,
  title={Targeted maximum likelihood estimation for a binary treatment: A tutorial},
  author={Luque-Fernandez, Miguel Angel and Schomaker, Michael and Rachet, Bernard and Schnitzer, Mireille E},
  journal={Statistics in medicine},
  volume={37},
  number={16},
  pages={2530--2546},
  year={2018},
  publisher={Wiley Online Library}
}

@article{hidalgo2014patient,
  title={Patient-derived xenograft models: an emerging platform for translational cancer research},
  author={Hidalgo, Manuel and Amant, Frederic and Biankin, Andrew V and Budinsk{\'a}, Eva and Byrne, Annette T and Caldas, Carlos and Clarke, Robert B and de Jong, Steven and Jonkers, Jos and M{\ae}landsmo, Gunhild Mari and others},
  journal={Cancer discovery},
  volume={4},
  number={9},
  pages={998--1013},
  year={2014},
  publisher={AACR}
}

@article{teschendorff2006pack,
  title={PACK: Profile Analysis using Clustering and Kurtosis to find molecular classifiers in cancer},
  author={Teschendorff, Andrew E and Naderi, Ali and Barbosa-Morais, Nuno L and Caldas, Carlos},
  journal={Bioinformatics},
  volume={22},
  number={18},
  pages={2269--2275},
  year={2006},
  publisher={Oxford University Press}
}

@article{saez2020personalized,
  title={Personalized signaling models for personalized treatments},
  author={Saez-Rodriguez, Julio and Bl{\"u}thgen, Nils},
  journal={Molecular Systems Biology},
  volume={16},
  number={1},
  year={2020},
  publisher={John Wiley \& Sons, Ltd}
}


@article{aben2016tandem,
  title={TANDEM: a two-stage approach to maximize interpretability of drug response models based on multiple molecular data types},
  author={Aben, Nanne and Vis, Daniel J and Michaut, Magali and Wessels, Lodewyk Fa},
  journal={Bioinformatics},
  volume={32},
  number={17},
  pages={i413--i420},
  year={2016},
  publisher={Oxford University Press}
}

@article{azuaje2017computational,
  title={Computational models for predicting drug responses in cancer research},
  author={Azuaje, Francisco},
  journal={Briefings in bioinformatics},
  volume={18},
  number={5},
  pages={820--829},
  year={2017},
  publisher={Oxford University Press}
}

@article{dempster2019agreement,
  title={Agreement between two large pan-cancer CRISPR-Cas9 gene dependency data sets},
  author={Dempster, Joshua M and Pacini, Clare and Pantel, Sasha and Behan, Fiona M and Green, Thomas and Krill-Burger, John and Beaver, Charlotte M and Younger, Scott T and Zhivich, Victor and Najgebauer, Hanna and others},
  journal={Nature Communications},
  volume={10},
  number={1},
  pages={1--14},
  year={2019},
  publisher={Nature Publishing Group}
}

@article{conway2017upsetr,
  title={UpSetR: an R package for the visualization of intersecting sets and their properties},
  author={Conway, Jake R and Lex, Alexander and Gehlenborg, Nils},
  journal={Bioinformatics},
  volume={33},
  number={18},
  pages={2938--2940},
  year={2017},
  publisher={Oxford University Press}
}

@article{corcoran2012egfr,
  title={EGFR-mediated reactivation of MAPK signaling contributes to insensitivity of BRAF-mutant colorectal cancers to RAF inhibition with vemurafenib},
  author={Corcoran, Ryan B and Ebi, Hiromichi and Turke, Alexa B and Coffee, Erin M and Nishino, Michiya and Cogdill, Alexandria P and Brown, Ronald D and Della Pelle, Patricia and Dias-Santagata, Dora and Hung, Kenneth E and others},
  journal={Cancer discovery},
  volume={2},
  number={3},
  pages={227--235},
  year={2012},
  publisher={AACR}
}

@article{wroblewski2013bh3,
  title={The BH3-mimetic ABT-737 sensitizes human melanoma cells to apoptosis induced by selective BRAF inhibitors but does not reverse acquired resistance},
  author={Wroblewski, David and Mijatov, Branka and Mohana-Kumaran, Nethia and Lai, Fritz and Gallagher, Stuart J and Haass, Nikolas K and Zhang, Xu Dong and Hersey, Peter},
  journal={Carcinogenesis},
  volume={34},
  number={2},
  pages={237--247},
  year={2013},
  publisher={Oxford University Press UK}
}

@article{manzano2016resistant,
  title={Resistant mechanisms to BRAF inhibitors in melanoma},
  author={Manzano, Jos{\'e} Lu{\'\i}s and Layos, Laura and Bug{\'e}s, Cristina and de los Llanos Gil, Mar{\'\i}a and Vila, Laia and Martinez-Balibrea, Eva and Mart{\'\i}nez-Card{\'u}s, Anna},
  journal={Annals of translational medicine},
  volume={4},
  number={12},
  year={2016},
  publisher={AME Publications}
}

@article{johannessen2010cot,
  title={COT drives resistance to RAF inhibition through MAP kinase pathway reactivation},
  author={Johannessen, Cory M and Boehm, Jesse S and Kim, So Young and Thomas, Sapana R and Wardwell, Leslie and Johnson, Laura A and Emery, Caroline M and Stransky, Nicolas and Cogdill, Alexandria P and Barretina, Jordi and others},
  journal={Nature},
  volume={468},
  number={7326},
  pages={968--972},
  year={2010},
  publisher={Nature Publishing Group}
}

@article{gopal2010basal,
  title={Basal and treatment-induced activation of AKT mediates resistance to cell death by AZD6244 (ARRY-142886) in Braf-mutant human cutaneous melanoma cells},
  author={Gopal, YN Vashisht and Deng, Wanleng and Woodman, Scott E and Komurov, Kakajan and Ram, Prahlad and Smith, Paul D and Davies, Michael A},
  journal={Cancer research},
  volume={70},
  number={21},
  pages={8736--8747},
  year={2010},
  publisher={AACR}
}

@article{han2018erk,
  title={ERK-mediated phosphorylation regulates SOX10 sumoylation and targets expression in mutant BRAF melanoma},
  author={Han, Shujun and Ren, Yibo and He, Wangxiao and Liu, Huadong and Zhi, Zhe and Zhu, Xinliang and Yang, Tielin and Rong, Yu and Ma, Bohan and Purwin, Timothy J and others},
  journal={Nature communications},
  volume={9},
  number={1},
  pages={1--14},
  year={2018},
  publisher={Nature Publishing Group}
}

@article{li2017foxd3,
  title={FOXD3 is a tumor suppressor of colon cancer by inhibiting EGFR-Ras-Raf-MEK-ERK signal pathway},
  author={Li, Kun and Guo, Qunfeng and Yang, Jun and Chen, Hui and Hu, Kewen and Zhao, Juan and Zheng, Shunxin and Pang, Xiufeng and Zhou, Sufang and Dang, Yongyan and others},
  journal={Oncotarget},
  volume={8},
  number={3},
  pages={5048},
  year={2017},
  publisher={Impact Journals, LLC}
}

@article{lake2016negative,
  title={Negative feedback regulation of the ERK1/2 MAPK pathway},
  author={Lake, David and Corr{\^e}a, Sonia AL and M{\"u}ller, J{\"u}rgen},
  journal={Cellular and Molecular Life Sciences},
  volume={73},
  number={23},
  pages={4397--4413},
  year={2016},
  publisher={Springer}
}

@article{wellbrock2004raf,
  title={The RAF proteins take centre stage},
  author={Wellbrock, Claudia and Karasarides, Maria and Marais, Richard},
  journal={Nature reviews Molecular cell biology},
  volume={5},
  number={11},
  pages={875--885},
  year={2004},
  publisher={Nature Publishing Group}
}

@article{uniprot2019uniprot,
  title={UniProt: a worldwide hub of protein knowledge},
  author={UniProt Consortium},
  journal={Nucleic acids research},
  volume={47},
  number={D1},
  pages={D506--D515},
  year={2019},
  publisher={Oxford University Press}
}

@article{lehr2004identification,
  title={Identification of major ERK-related phosphorylation sites in Gab1},
  author={Lehr, Stefan and Kotzka, Jorg and Avci, Haluk and Sickmann, Albert and Meyer, Helmut E and Herkner, Armin and Muller-Wieland, Dirk},
  journal={Biochemistry},
  volume={43},
  number={38},
  pages={12133--12140},
  year={2004},
  publisher={ACS Publications}
}

@article{edwin2009intermolecular,
  title={Intermolecular interactions of Sprouty proteins and their implications in development and disease},
  author={Edwin, Francis and Anderson, Kimberly and Ying, Chunyi and Patel, Tarun B},
  journal={Molecular pharmacology},
  volume={76},
  number={4},
  pages={679--691},
  year={2009},
  publisher={ASPET}
}


@article{ursem2018emerging,
  title={Emerging treatment options for BRAF-mutant colorectal cancer},
  author={Ursem, Carling and Atreya, Chloe E and Van Loon, Katherine},
  journal={Gastrointestinal cancer: targets and therapy},
  volume={8},
  pages={13},
  year={2018},
  publisher={NIH Public Access}
}

@article{rossi2019drug,
  title={Drug resistance of BRAF-mutant melanoma: Review of up-to-date mechanisms of action and promising targeted agents},
  author={Rossi, Alessandro and Roberto, Michela and Panebianco, Martina and Botticelli, Andrea and Mazzuca, Federica and Marchetti, Paolo},
  journal={European journal of pharmacology},
  pages={172621},
  year={2019},
  publisher={Elsevier}
}

@article{baur2020connecting,
  title={Connecting Cancer Pathways to Tumor Engines: A Stratification Tool for Colorectal Cancer Combining Human In Vitro Tissue Models with Boolean In Silico Models},
  author={Baur, Florentin and Nietzer, Sarah L and Kunz, Meik and Saal, Fabian and Jeromin, Julian and Matschos, Stephanie and Linnebacher, Michael and Walles, Heike and Dandekar, Thomas and Dandekar, Gudrun},
  journal={Cancers},
  volume={12},
  number={1},
  pages={28},
  year={2020},
  publisher={Multidisciplinary Digital Publishing Institute}
}

@article{cho2016attractor,
  title={Attractor landscape analysis of colorectal tumorigenesis and its reversion},
  author={Cho, Sung-Hwan and Park, Sang-Min and Lee, Ho-Sung and Lee, Hwang-Yeol and Cho, Kwang-Hyun},
  journal={BMC systems biology},
  volume={10},
  number={1},
  pages={96},
  year={2016},
  publisher={Springer}
}

@article{prahallad2012unresponsiveness,
  title={Unresponsiveness of colon cancer to BRAF (V600E) inhibition through feedback activation of EGFR},
  author={Prahallad, Anirudh and Sun, Chong and Huang, Sidong and Di Nicolantonio, Federica and Salazar, Ramon and Zecchin, Davide and Beijersbergen, Roderick L and Bardelli, Alberto and Bernards, Ren{\'e}},
  journal={Nature},
  volume={483},
  number={7387},
  pages={100--103},
  year={2012},
  publisher={Nature Publishing Group}
}

@article{poulikakos2011raf,
  title={RAF inhibitor resistance is mediated by dimerization of aberrantly spliced BRAF (V600E)},
  author={Poulikakos, Poulikos I and Persaud, Yogindra and Janakiraman, Manickam and Kong, Xiangju and Ng, Charles and Moriceau, Gatien and Shi, Hubing and Atefi, Mohammad and Titz, Bjoern and Gabay, May Tal and others},
  journal={Nature},
  volume={480},
  number={7377},
  pages={387},
  year={2011},
  publisher={Nature Publishing Group}
}

@article{sun2014reversible,
  title={Reversible and adaptive resistance to BRAF (V600E) inhibition in melanoma},
  author={Sun, Chong and Wang, Liqin and Huang, Sidong and Heynen, Guus JJE and Prahallad, Anirudh and Robert, Caroline and Haanen, John and Blank, Christian and Wesseling, Jelle and Willems, Stefan M and others},
  journal={Nature},
  volume={508},
  number={7494},
  pages={118--122},
  year={2014},
  publisher={Nature Publishing Group}
}

@article{kopetz2010plx4032,
  title={PLX4032 in metastatic colorectal cancer patients with mutant BRAF tumors.},
  author={Kopetz, S and Desai, J and Chan, E and Hecht, JR and O'dwyer, PJ and Lee, RJ and Nolop, KB and Saltz, L},
  journal={Journal of Clinical Oncology},
  volume={28},
  number={15\_suppl},
  pages={3534--3534},
  year={2010},
  publisher={American Society of Clinical Oncology}
}

@article{chapman2011improved,
  title={Improved survival with vemurafenib in melanoma with BRAF V600E mutation},
  author={Chapman, Paul B and Hauschild, Axel and Robert, Caroline and Haanen, John B and Ascierto, Paolo and Larkin, James and Dummer, Reinhard and Garbe, Claus and Testori, Alessandro and Maio, Michele and others},
  journal={New England Journal of Medicine},
  volume={364},
  number={26},
  pages={2507--2516},
  year={2011},
  publisher={Mass Medical Soc}
}

@article{cantwell2011brafv600e,
  title={BRAFV600E: implications for carcinogenesis and molecular therapy},
  author={Cantwell-Dorris, Emma R and O'Leary, John J and Sheils, Orla M},
  journal={Molecular cancer therapeutics},
  volume={10},
  number={3},
  pages={385--394},
  year={2011},
  publisher={AACR}
}

@misc{verlingue2016silico,
  title={In silico prediction of the clinical response to the mTOR inhibitor everolimus using a Boolean model: validation from a cohort of the SHIVA trial},
  author={Verlingue, Loic and Calzone, Laurence and Kamal, Maud and Servant, Nicolas and Belin, Lisa and Barillot, Emmanuel and Le Tourneau, Christophe},
  year={2016},
  publisher={AACR}
}

@article{verlingue2016comprehensive,
  title={A comprehensive approach to the molecular determinants of lifespan using a Boolean model of geroconversion},
  author={Verlingue, Loic and Dugourd, Aur{\'e}lien and Stoll, Gautier and Barillot, Emmanuel and Calzone, Laurence and Londo{\~n}o-Vallejo, Arturo},
  journal={Aging Cell},
  volume={15},
  number={6},
  pages={1018--1026},
  year={2016},
  publisher={Wiley Online Library}
}

@article{eduati2020patient,
  title={Patient-specific logic models of signaling pathways from screenings on cancer biopsies to prioritize personalized combination therapies},
  author={Eduati, Federica and Jaaks, Patricia and Wappler, Jessica and Cramer, Thorsten and Merten, Christoph A and Garnett, Mathew J and Saez-Rodriguez, Julio},
  journal={Molecular systems biology},
  volume={16},
  number={2},
  year={2020},
  publisher={John Wiley \& Sons, Ltd}
}

@article{klinger2013network,
  title={Network quantification of EGFR signaling unveils potential for targeted combination therapy},
  author={Klinger, Bertram and Sieber, Anja and Fritsche-Guenther, Raphaela and Witzel, Franziska and Berry, Leanne and Schumacher, Dirk and Yan, Yibing and Durek, Pawel and Merchant, Mark and Sch{\"a}fer, Reinhold and others},
  journal={Molecular systems biology},
  volume={9},
  number={1},
  year={2013},
  publisher={John Wiley \& Sons, Ltd}
}


@article{eduati2017drug,
  title={Drug Resistance mechanisms in colorectal cancer dissected with cell type--specific dynamic logic models},
  author={Eduati, Federica and Dold{\`a}n-Martelli, Victoria and Klinger, Bertram and Cokelaer, Thomas and Sieber, Anja and Kogera, Fiona and Dorel, Mathurin and Garnett, Mathew J and Bl{\"u}thgen, Nils and Saez-Rodriguez, Julio},
  journal={Cancer research},
  volume={77},
  number={12},
  pages={3364--3375},
  year={2017},
  publisher={AACR}
}

@article{costello2014community,
  title={A community effort to assess and improve drug sensitivity prediction algorithms},
  author={Costello, James C and Heiser, Laura M and Georgii, Elisabeth and G{\"o}nen, Mehmet and Menden, Michael P and Wang, Nicholas J and Bansal, Mukesh and Hintsanen, Petteri and Khan, Suleiman A and Mpindi, John-Patrick and others},
  journal={Nature biotechnology},
  volume={32},
  number={12},
  pages={1202},
  year={2014},
  publisher={Nature Publishing Group}
}

@article{garnett2012systematic,
  title={Systematic identification of genomic markers of drug sensitivity in cancer cells},
  author={Garnett, Mathew J and Edelman, Elena J and Heidorn, Sonja J and Greenman, Chris D and Dastur, Anahita and Lau, King Wai and Greninger, Patricia and Thompson, I Richard and Luo, Xi and Soares, Jorge and others},
  journal={Nature},
  volume={483},
  number={7391},
  pages={570--575},
  year={2012},
  publisher={Nature Publishing Group}
}

@article{heiser2012subtype,
  title={Subtype and pathway specific responses to anticancer compounds in breast cancer},
  author={Heiser, Laura M and Sadanandam, Anguraj and Kuo, Wen-Lin and Benz, Stephen C and Goldstein, Theodore C and Ng, Sam and Gibb, William J and Wang, Nicholas J and Ziyad, Safiyyah and Tong, Frances and others},
  journal={Proceedings of the National Academy of Sciences},
  volume={109},
  number={8},
  pages={2724--2729},
  year={2012},
  publisher={National Acad Sciences}
}

@article{miller2018ki67,
  title={Ki67 is a graded rather than a binary marker of proliferation versus quiescence},
  author={Miller, Iain and Min, Mingwei and Yang, Chen and Tian, Chengzhe and Gookin, Sara and Carter, Dylan and Spencer, Sabrina L},
  journal={Cell reports},
  volume={24},
  number={5},
  pages={1105--1112},
  year={2018},
  publisher={Elsevier}
}

@article{kurilov2020assessment,
  title={Assessment of modelling strategies for drug response prediction in cell lines and xenografts},
  author={Kurilov, Roman and Haibe-Kains, Benjamin and Brors, Benedikt},
  journal={Scientific reports},
  volume={10},
  number={1},
  pages={1--11},
  year={2020},
  publisher={Nature Publishing Group}
}

@article{abeshouse2015molecular,
  title={The molecular taxonomy of primary prostate cancer},
  author={Abeshouse, Adam and Ahn, Jaeil and Akbani, Rehan and Ally, Adrian and Amin, Samirkumar and Andry, Christopher D and Annala, Matti and Aprikian, Armen and Armenia, Joshua and Arora, Arshi and others},
  journal={Cell},
  volume={163},
  number={4},
  pages={1011--1025},
  year={2015},
  publisher={Elsevier}
}

@article{hart2016bagel,
  title={BAGEL: a computational framework for identifying essential genes from pooled library screens},
  author={Hart, Traver and Moffat, Jason},
  journal={BMC bioinformatics},
  volume={17},
  number={1},
  pages={164},
  year={2016},
  publisher={Springer}
}

@article{meyers2017computational,
  title={Computational correction of copy number effect improves specificity of CRISPR--Cas9 essentiality screens in cancer cells},
  author={Meyers, Robin M and Bryan, Jordan G and McFarland, James M and Weir, Barbara A and Sizemore, Ann E and Xu, Han and Dharia, Neekesh V and Montgomery, Phillip G and Cowley, Glenn S and Pantel, Sasha and others},
  journal={Nature genetics},
  volume={49},
  number={12},
  pages={1779--1784},
  year={2017},
  publisher={Nature Publishing Group}
}

@article{vis2016multilevel,
  title={Multilevel models improve precision and speed of IC50 estimates},
  author={Vis, Daniel J and Bombardelli, Lorenzo and Lightfoot, Howard and Iorio, Francesco and Garnett, Mathew J and Wessels, Lodewyk FA},
  journal={Pharmacogenomics},
  volume={17},
  number={7},
  pages={691--700},
  year={2016},
  publisher={Future Medicine}
}

@article{van2019cell,
  title={Cell Model Passportsâ€”a hub for clinical, genetic and functional datasets of preclinical cancer models},
  author={van der Meer, Dieudonne and Barthorpe, Syd and Yang, Wanjuan and Lightfoot, Howard and Hall, Caitlin and Gilbert, James and Francies, Hayley E and Garnett, Mathew J},
  journal={Nucleic acids research},
  volume={47},
  number={D1},
  pages={D923--D929},
  year={2019},
  publisher={Oxford University Press}
}

@Article{wang2009bimodality,
  author     = {Wang, Jing and Wen, Sijin and Symmans, W. Fraser and Pusztai, Lajos and Coombes, Kevin R.},
  title      = {The {Bimodality} {Index}: {A} {Criterion} for {Discovering} and {Ranking} {Bimodal} {Signatures} from {Cancer} {Gene} {Expression} {Profiling} {Data}},
  journal    = {Cancer Informatics},
  year       = {2009},
  volume     = {7},
  pages      = {199--216},
  month      = aug,
  issn       = {1176-9351},
  keywords   = {methods},
  pmcid      = {PMC2730180},
  pmid       = {19718451},
  shorttitle = {The {Bimodality} {Index}},
  url        = {http://www.ncbi.nlm.nih.gov/pmc/articles/PMC2730180/},
  urldate    = {2017-04-25TZ},
}

@Article{hartigan1985dip,
  author   = {Hartigan, J. A. and Hartigan, P. M.},
  title    = {The {Dip} {Test} of {Unimodality}},
  journal  = {The Annals of Statistics},
  year     = {1985},
  volume   = {13},
  number   = {1},
  pages    = {70--84},
  month    = mar,
  issn     = {0090-5364, 2168-8966},
  doi      = {10.1214/aos/1176346577},
  keywords = {Multimodality, empirical distribution, isotonic regression},
  mrnumber = {MR773153},
  url      = {http://projecteuclid.org/euclid.aos/1176346577},
  urldate  = {2017-07-21TZ},
  zmnumber = {0575.62045},
}

@article{tomlins2005recurrent,
  title={Recurrent fusion of TMPRSS2 and ETS transcription factor genes in prostate cancer},
  author={Tomlins, Scott A and Rhodes, Daniel R and Perner, Sven and Dhanasekaran, Saravana M and Mehra, Rohit and Sun, Xiao-Wei and Varambally, Sooryanarayana and Cao, Xuhong and Tchinda, Joelle and Kuefer, Rainer and others},
  journal={science},
  volume={310},
  number={5748},
  pages={644--648},
  year={2005},
  publisher={American Association for the Advancement of Science}
}

@Article{mermel2011gistic,
  author   = {Mermel, Craig H. and Schumacher, Steven E. and Hill, Barbara and Meyerson, Matthew L. and Beroukhim, Rameen and Getz, Gad},
  title    = {{GISTIC}2.0 facilitates sensitive and confident localization of the targets of focal somatic copy-number alteration in human cancers},
  journal  = {Genome Biology},
  year     = {2011},
  volume   = {12},
  pages    = {R41},
  month    = apr,
  issn     = {1474-760X},
  doi      = {10.1186/gb-2011-12-4-r41},
  url      = {http://dx.doi.org/10.1186/gb-2011-12-4-r41},
  urldate  = {2017-06-29TZ},
}

@Article{adzhubei2010method,
  author    = {Adzhubei, Ivan A. and Schmidt, Steffen and Peshkin, Leonid and Ramensky, Vasily E. and Gerasimova, Anna and Bork, Peer and Kondrashov, Alexey S. and Sunyaev, Shamil R.},
  title     = {A method and server for predicting damaging missense mutations},
  journal   = {Nature Methods},
  year      = {2010},
  volume    = {7},
  number    = {4},
  pages     = {248--249},
  month     = apr,
  issn      = {1548-7091},
  abstract  = {Nature Methods is a science methodology journal publishing laboratory techniques and methods papers in the life sciences and areas of chemistry relevant to the life sciences.},
  copyright = {Â© 2010 Nature Publishing Group},
  doi       = {10.1038/nmeth0410-248},
  url       = {https://www.nature.com/nmeth/journal/v7/n4/full/nmeth0410-248.html},
  urldate   = {2017-07-20TZ},
}

@Article{kumar2009predicting,
  author    = {Kumar, Prateek and Henikoff, Steven and Ng, Pauline C.},
  title     = {Predicting the effects of coding non-synonymous variants on protein function using the {SIFT} algorithm},
  journal   = {Nature Protocols},
  year      = {2009},
  volume    = {4},
  number    = {7},
  pages     = {1073},
  month     = jun,
  issn      = {1750-2799},
  abstract  = {Predicting the effects of coding non-synonymous variants on protein function using the SIFT algorithm},
  copyright = {2009 Nature Publishing Group},
  doi       = {10.1038/nprot.2009.86},
  url       = {https://www.nature.com/articles/nprot.2009.86},
  urldate   = {2018-01-04TZ},
}

@Article{tokheim2016evaluating,
  author   = {Tokheim, Collin J. and Papadopoulos, Nickolas and Kinzler, Kenneth W. and Vogelstein, Bert and Karchin, Rachel},
  title    = {Evaluating the evaluation of cancer driver genes},
  journal  = {Proceedings of the National Academy of Sciences},
  year     = {2016},
  volume   = {113},
  number   = {50},
  pages    = {14330--14335},
  month    = dec,
  issn     = {0027-8424, 1091-6490},
  doi      = {10.1073/pnas.1616440113},
  keywords = {Cancer genomics, DNA sequencing, cancer mutations, computational method evaluation, driver genes},
  pmid     = {27911828},
  url      = {http://www.pnas.org/content/113/50/14330},
  urldate  = {2017-10-11TZ},
}

@Article{chakravarty2017oncokb,
  author     = {Chakravarty, Debyani and Gao, Jianjiong and Phillips, Sarah and Kundra, Ritika and Zhang, Hongxin and Wang, Jiaojiao and Rudolph, Julia E. and Yaeger, Rona and Soumerai, Tara and Nissan, Moriah H. and Chang, Matthew T. and Chandarlapaty, Sarat and Traina, Tiffany A. and Paik, Paul K. and Ho, Alan L. and Hantash, Feras M. and Grupe, Andrew and Baxi, Shrujal S. and Callahan, Margaret K. and Snyder, Alexandra and Chi, Ping and Danila, Daniel C. and Gounder, Mrinal and Harding, James J. and Hellmann, Matthew D. and Iyer, Gopa and Janjigian, Yelena Y. and Kaley, Thomas and Levine, Douglas A. and Lowery, Maeve and Omuro, Antonio and Postow, Michael A. and Rathkopf, Dana and Shoushtari, Alexander N. and Shukla, Neerav and Voss, Martin H. and Paraiso, Ederlinda and Zehir, Ahmet and Berger, Michael F. and Taylor, Barry S. and Saltz, Leonard B. and Riely, Gregory J. and Ladanyi, Marc and Hyman, David M. and Baselga, JosÃ© and Sabbatini, Paul and Solit, David B. and Schultz, Nikolaus},
  title      = {{OncoKB}: {A} {Precision} {Oncology} {Knowledge} {Base}},
  journal    = {JCO Precision Oncology},
  year       = {2017},
  number     = {1},
  pages      = {1--16},
  month      = may,
  issn       = {2473-4284},
  doi        = {10.1200/PO.17.00011},
  shorttitle = {{OncoKB}},
  url        = {http://ascopubs.org/doi/full/10.1200/PO.17.00011},
}

@Article{pereira2016somatic,
  author   = {Pereira, Bernard and Chin, Suet-Feung and Rueda, Oscar M. and Vollan, Hans-Kristian Moen and Provenzano, Elena and Bardwell, Helen A. and Pugh, Michelle and Jones, Linda and Russell, Roslin and Sammut, Stephen-John and Tsui, Dana W. Y. and Liu, Bin and Dawson, Sarah-Jane and Abraham, Jean and Northen, Helen and Peden, John F. and Mukherjee, Abhik and Turashvili, Gulisa and Green, Andrew R. and McKinney, Steve and Oloumi, Arusha and Shah, Sohrab and Rosenfeld, Nitzan and Murphy, Leigh and Bentley, David R. and Ellis, Ian O. and Purushotham, Arnie and Pinder, Sarah E. and BÃ¸rresen-Dale, Anne-Lise and Earl, Helena M. and Pharoah, Paul D. and Ross, Mark T. and Aparicio, Samuel and Caldas, Carlos},
  title    = {The somatic mutation profiles of 2,433 breast cancers refines their genomic and transcriptomic landscapes},
  journal  = {Nature Communications},
  year     = {2016},
  volume   = {7},
  month    = may,
  issn     = {2041-1723},
  doi      = {10.1038/ncomms11479},
  keywords = {metabric},
  pmcid    = {PMC4866047},
  pmid     = {27161491},
  url      = {http://www.ncbi.nlm.nih.gov/pmc/articles/PMC4866047/},
}

@Article{curtis2012genomic,
  author   = {Curtis, Christina and Shah, Sohrab P. and Chin, Suet-Feung and Turashvili, Gulisa and Rueda, Oscar M. and Dunning, Mark J. and Speed, Doug and Lynch, Andy G. and Samarajiwa, Shamith and Yuan, Yinyin and GrÃ¤f, Stefan and Ha, Gavin and Haffari, Gholamreza and Bashashati, Ali and Russell, Roslin and McKinney, Steven and LangerÃ¸d, Anita and Green, Andrew and Provenzano, Elena and Wishart, Gordon and Pinder, Sarah and Watson, Peter and Markowetz, Florian and Murphy, Leigh and Ellis, Ian and Purushotham, Arnie and BÃ¸rresen-Dale, Anne-Lise and Brenton, James D. and TavarÃ©, Simon and Caldas, Carlos and Aparicio, Samuel},
  title    = {The genomic and transcriptomic architecture of 2,000 breast tumours reveals novel subgroups},
  journal  = {Nature},
  year     = {2012},
  volume   = {486},
  number   = {7403},
  pages    = {346--352},
  month    = apr,
  issn     = {0028-0836},
  doi      = {10.1038/nature10983},
  keywords = {metabric},
  pmcid    = {PMC3440846},
  pmid     = {22522925},
  url      = {http://www.ncbi.nlm.nih.gov/pmc/articles/PMC3440846/},
}

@article{fumia2013boolean,
  title={Boolean network model for cancer pathways: predicting carcinogenesis and targeted therapy outcomes},
  author={Fumia, Herman F and Martins, Marcelo L},
  journal={PloS one},
  volume={8},
  number={7},
  year={2013},
  publisher={Public Library of Science}
}

@article{sahin2009modeling,
  title={Modeling ERBB receptor-regulated G1/S transition to find novel targets for de novo trastuzumab resistance},
  author={Sahin, {\"O}zg{\"u}r and Fr{\"o}hlich, Holger and L{\"o}bke, Christian and Korf, Ulrike and Burmester, Sara and Majety, Meher and Mattern, Jens and Schupp, Ingo and Chaouiya, Claudine and Thieffry, Denis and others},
  journal={BMC systems biology},
  volume={3},
  number={1},
  pages={1},
  year={2009},
  publisher={BioMed Central}
}

@article{steinway2015combinatorial,
  title={Combinatorial interventions inhibit TGF$\beta$-driven epithelial-to-mesenchymal transition and support hybrid cellular phenotypes},
  author={Steinway, Steven Nathaniel and Za{\~n}udo, Jorge Gomez Tejeda and Michel, Paul J and Feith, David J and Loughran, Thomas P and Albert, Reka},
  journal={NPJ systems biology and applications},
  volume={1},
  pages={15014},
  year={2015},
  publisher={Nature Publishing Group}
}

@article{grieco2013integrative,
  title={Integrative modelling of the influence of MAPK network on cancer cell fate decision},
  author={Grieco, Luca and Calzone, Laurence and Bernard-Pierrot, Isabelle and Radvanyi, Fran{\c{c}}ois and Kahn-Perles, Brigitte and Thieffry, Denis},
  journal={PLoS computational biology},
  volume={9},
  number={10},
  pages={e1003286},
  year={2013},
  publisher={Public Library of Science}
}

@article{weinstein2017network,
  title={A network model to explore the effect of the micro-environment on endothelial cell behavior during angiogenesis},
  author={Weinstein, Nathan and Mendoza, Luis and Gitler, Isidoro and Klapp, Jaime},
  journal={Frontiers in physiology},
  volume={8},
  pages={960},
  year={2017},
  publisher={Frontiers}
}

@article{faure2006dynamical,
  title={Dynamical analysis of a generic Boolean model for the control of the mammalian cell cycle},
  author={Faur{\'e}, Adrien and Naldi, Aur{\'e}lien and Chaouiya, Claudine and Thieffry, Denis},
  journal={Bioinformatics},
  volume={22},
  number={14},
  pages={e124--e131},
  year={2006},
  publisher={Oxford University Press}
}

@article{saezrodriguez2011comparing,
	title = {Comparing {Signaling} {Networks} between {Normal} and {Transformed} {Hepatocytes} {Using} {Discrete} {Logical} {Models}},
	volume = {71},
	copyright = {Â©2011 American Association for Cancer Research..},
	issn = {0008-5472, 1538-7445},
	url = {http://cancerres.aacrjournals.org/content/71/16/5400},
	doi = {10.1158/0008-5472.CAN-10-4453},
	language = {en},
	number = {16},
	urldate = {2019-05-03},
	journal = {Cancer Research},
	author = {Saez-Rodriguez, Julio and Alexopoulos, Leonidas G. and Zhang, MingSheng and Morris, Melody K. and Lauffenburger, Douglas A. and Sorger, Peter K.},
	month = aug,
	year = {2011},
	pmid = {21742771},
	pages = {5400--5411},
	file = {Full Text PDF:files/1335/Saez-Rodriguez et al. - 2011 - Comparing Signaling Networks between Normal and Tr.pdf:application/pdf;Snapshot:files/1336/5400.html:text/html}
}

@article{terfve2015largescale,
	title = {Large-scale models of signal propagation in human cells derived from discovery phosphoproteomic data},
	volume = {6},
	copyright = {2015 Nature Publishing Group},
	issn = {2041-1723},
	url = {https://www.nature.com/articles/ncomms9033},
	doi = {10.1038/ncomms9033},
	language = {en},
	urldate = {2019-04-29},
	journal = {Nature Communications},
	author = {Terfve, Camille D. A. and Wilkes, Edmund H. and Casado, Pedro and Cutillas, Pedro R. and Saez-Rodriguez, Julio},
	month = sep,
	year = {2015},
	pages = {8033},
	file = {Full Text PDF:files/1257/Terfve et al. - 2015 - Large-scale models of signal propagation in human .pdf:application/pdf;Snapshot:files/1258/ncomms9033.html:text/html}
}

@article{woodhouse2018scns,
  title={SCNS: a graphical tool for reconstructing executable regulatory networks from single-cell genomic data},
  author={Woodhouse, Steven and Piterman, Nir and Wintersteiger, Christoph M and G{\"o}ttgens, Berthold and Fisher, Jasmin},
  journal={BMC systems biology},
  volume={12},
  number={1},
  pages={59},
  year={2018},
  publisher={BioMed Central}
}

@article{videla2017caspo,
	title = {caspo: a toolbox for automated reasoning on the response of logical signaling networks families},
	volume = {33},
	issn = {1367-4803},
	shorttitle = {caspo},
	url = {https://www.ncbi.nlm.nih.gov/pmc/articles/PMC5351548/},
	doi = {10.1093/bioinformatics/btw738},
	number = {6},
	urldate = {2019-05-02},
	journal = {Bioinformatics},
	author = {Videla, Santiago and Saez-Rodriguez, Julio and Guziolowski, Carito and Siegel, Anne},
	month = mar,
	year = {2017},
	pmid = {28065903},
	pmcid = {PMC5351548},
	pages = {947--950},
	file = {PubMed Central Full Text PDF:files/1320/Videla et al. - 2017 - caspo a toolbox for automated reasoning on the re.pdf:application/pdf}
}

@article{cohen2015mathematical,
	title = {Mathematical {Modelling} of {Molecular} {Pathways} {Enabling} {Tumour} {Cell} {Invasion} and {Migration}},
	volume = {11},
	issn = {1553-7358},
	url = {https://journals.plos.org/ploscompbiol/article?id=10.1371/journal.pcbi.1004571},
	doi = {10.1371/journal.pcbi.1004571},
	language = {en},
	number = {11},
	urldate = {2019-04-30},
	journal = {PLOS Computational Biology},
	author = {Cohen, David P. A. and Martignetti, Loredana and Robine, Sylvie and Barillot, Emmanuel and Zinovyev, Andrei and Calzone, Laurence},
	month = nov,
	year = {2015},
	keywords = {Apoptosis, Mathematical models, Metastasis, Mouse models, Mutation, Phenotypes, Regulator genes, Transcriptome analysis},
	pages = {e1004571},
	file = {Full Text PDF:files/1316/Cohen et al. - 2015 - Mathematical Modelling of Molecular Pathways Enabl.pdf:application/pdf;Snapshot:files/1317/article.html:text/html}
}

@article{elati2007licorn,
	title = {{LICORN}: learning cooperative regulation networks from gene expression data},
	volume = {23},
	issn = {1367-4803},
	shorttitle = {{LICORN}},
	url = {https://academic.oup.com/bioinformatics/article/23/18/2407/236890},
	doi = {10.1093/bioinformatics/btm352},
	abstract = {Abstract.  Motivation: One of the most challenging tasks in the post-genomic era is the reconstruction of transcriptional regulation networks. The goal is to id},
	language = {en},
	number = {18},
	urldate = {2019-04-29},
	journal = {Bioinformatics},
	author = {Elati, Mohamed and Neuvial, Pierre and Bolotin-Fukuhara, Monique and Barillot, Emmanuel and Radvanyi, FranÃ§ois and Rouveirol, CÃ©line},
	month = sep,
	year = {2007},
	pages = {2407--2414},
	file = {Full Text PDF:files/1239/Elati et al. - 2007 - LICORN learning cooperative regulation networks f.pdf:application/pdf;Snapshot:files/1240/236890.html:text/html}
}

@article{novere2009systems,
	title = {The {Systems} {Biology} {Graphical} {Notation}},
	volume = {27},
	copyright = {2009 Nature Publishing Group},
	issn = {1546-1696},
	url = {https://www.nature.com/articles/nbt.1558},
	doi = {10.1038/nbt.1558},
	language = {en},
	number = {8},
	urldate = {2019-04-29},
	journal = {Nature Biotechnology},
	author = {Nov{\`e}re, Nicolas Le and Hucka, Michael and Mi, Huaiyu and Moodie, Stuart and Schreiber, Falk and Sorokin, Anatoly and Demir, Emek and Wegner, Katja and Aladjem, Mirit I. and Wimalaratne, Sarala M. and Bergman, Frank T. and Gauges, Ralph and Ghazal, Peter and Kawaji, Hideya and Li, Lu and Matsuoka, Yukiko and Villeger, Alice and Boyd, Sarah E. and Calzone, Laurence and Courtot, Melanie and Dogrusoz, Ugur and Freeman, Tom C. and Funahashi, Akira and Ghosh, Samik and Jouraku, Akiya and Kim, Sohyoung and Kolpakov, Fedor and Luna, Augustin and Sahle, Sven and Schmidt, Esther and Watterson, Steven and Wu, Guanming and Goryanin, Igor and Kell, Douglas B. and Sander, Chris and Sauro, Herbert and Snoep, Jacky L. and Kohn, Kurt and Kitano, Hiroaki},
	month = aug,
	year = {2009},
	pages = {735--741},
}

@article{verny2017learning,
	title = {Learning causal networks with latent variables from multivariate information in genomic data},
	volume = {13},
	issn = {1553-7358},
	url = {https://journals.plos.org/ploscompbiol/article?id=10.1371/journal.pcbi.1005662},
	doi = {10.1371/journal.pcbi.1005662},
	language = {en},
	number = {10},
	urldate = {2019-04-29},
	journal = {PLOS Computational Biology},
	author = {Verny, Louis and Sella, Nadir and Affeldt, SÃ©verine and Singh, Param Priya and Isambert, HervÃ©},
	month = oct,
	year = {2017},
	keywords = {Algorithms, Cancer genomics, Genetic networks, Mutation databases, Genome evolution, Genomic databases, Human genomics, Tetraploidy},
	pages = {e1005662},
	file = {Full Text PDF:files/1242/Verny et al. - 2017 - Learning causal networks with latent variables fro.pdf:application/pdf;Snapshot:files/1243/article.html:text/html}
}

@article{meinshausen2016methods,
  title={Methods for causal inference from gene perturbation experiments and validation},
  author={Meinshausen, Nicolai and Hauser, Alain and Mooij, Joris M and Peters, Jonas and Versteeg, Philip and B{\"u}hlmann, Peter},
  journal={Proceedings of the National Academy of Sciences},
  volume={113},
  number={27},
  pages={7361--7368},
  year={2016},
  publisher={National Acad Sciences}
}

@article{hill2016inferring,
  title={Inferring causal molecular networks: empirical assessment through a community-based effort},
  author={Hill, Steven M and Heiser, Laura M and Cokelaer, Thomas and Unger, Michael and Nesser, Nicole K and Carlin, Daniel E and Zhang, Yang and Sokolov, Artem and Paull, Evan O and Wong, Chris K and others},
  journal={Nature methods},
  volume={13},
  number={4},
  pages={310},
  year={2016},
  publisher={Nature Publishing Group}
}

@article{vert2007new,
  title={A new pairwise kernel for biological network inference with support vector machines},
  author={Vert, Jean-Philippe and Qiu, Jian and Noble, William S.},
  journal={BMC Bioinformatics},
  volume={8},
  number={Suppl 10},
  pages={S8},
  year={2007}
}

@article{margolin2006aracne,
	title = {{ARACNE}: {An} {Algorithm} for the {Reconstruction} of {Gene} {Regulatory} {Networks} in a {Mammalian} {Cellular} {Context}},
	volume = {7},
	issn = {1471-2105},
	shorttitle = {{ARACNE}},
	url = {https://doi.org/10.1186/1471-2105-7-S1-S7},
	doi = {10.1186/1471-2105-7-S1-S7},
	number = {1},
	urldate = {2019-04-29},
	journal = {BMC Bioinformatics},
	author = {Margolin, Adam A. and Nemenman, Ilya and Basso, Katia and Wiggins, Chris and Stolovitzky, Gustavo and Favera, Riccardo Dalla and Califano, Andrea},
	month = mar,
	year = {2006},
	pages = {S7},
	file = {Full Text PDF:files/1248/Margolin et al. - 2006 - ARACNE An Algorithm for the Reconstruction of Gen.pdf:application/pdf;Snapshot:files/1249/1471-2105-7-S1-S7.html:text/html}
}

@article{lefebvre2010human,
	title = {A human {B}-cell interactome identifies {MYB} and {FOXM}1 as master regulators of proliferation in germinal centers},
	volume = {6},
	issn = {1744-4292},
	doi = {10.1038/msb.2010.31},
	language = {eng},
	journal = {Molecular Systems Biology},
	author = {Lefebvre, Celine and Rajbhandari, Presha and Alvarez, Mariano J. and Bandaru, Pradeep and Lim, Wei Keat and Sato, Mai and Wang, Kai and Sumazin, Pavel and Kustagi, Manjunath and Bisikirska, Brygida C. and Basso, Katia and Beltrao, Pedro and Krogan, Nevan and Gautier, Jean and Dalla-Favera, Riccardo and Califano, Andrea},
	month = jun,
	year = {2010},
	pmid = {20531406},
	pmcid = {PMC2913282},
	keywords = {Algorithms, Apoptosis, Humans, DNA Replication, B-Lymphocytes, Cell Line, Cell Proliferation, Cell Survival, Feedback, Physiological, Forkhead Box Protein M1, Forkhead Transcription Factors, Gene Expression Regulation, Gene Silencing, Genes, Regulator, Germinal Center, Mitosis, Multiprotein Complexes, Protein Binding, Proto-Oncogene Proteins c-myb, Transcription, Genetic},
	pages = {377}
}


@article{collombet2017logical,
	title = {Logical modeling of lymphoid and myeloid cell specification and transdifferentiation},
	volume = {114},
	issn = {0027-8424, 1091-6490},
	url = {https://www.pnas.org/content/114/23/5792},
	doi = {10.1073/pnas.1610622114},
	language = {en},
	number = {23},
	urldate = {2019-04-26},
	journal = {Proceedings of the National Academy of Sciences},
	author = {Collombet, Samuel and Oevelen, Chris van and Ortega, Jose Luis Sardina and Abou-Jaoude, Wassim and Stefano, Bruno Di and Thomas-Chollier, Morgane and Graf, Thomas and Thieffry, Denis},
	month = jun,
	year = {2017},
	pmid = {28584084},
	keywords = {cell fate, cell reprogramming, dynamical modeling, gene network, hematopoiesis},
	pages = {5792--5799},
	file = {Full Text PDF:files/1220/Collombet et al. - 2017 - Logical modeling of lymphoid and myeloid cell spec.pdf:application/pdf;Snapshot:files/1221/5792.html:text/html}
}

@article{montagud2017conceptual,
	title = {Conceptual and computational framework for logical modelling of biological networks deregulated in diseases},
	doi = {10.1093/bib/bbx163},
	language = {en},
	urldate = {2019-05-03},
	journal = {Briefings in Bioinformatics},
	author = {Montagud, Arnau and Traynard, Pauline and Martignetti, Loredana and Bonnet, Eric and Barillot, Emmanuel and Zinovyev, Andrei and Calzone, Laurence},
	year = {2017}
}

@article{martignetti2016roma,
  title={ROMA: representation and quantification of module activity from target expression data},
  author={Martignetti, Loredana and Calzone, Laurence and Bonnet, Eric and Barillot, Emmanuel and Zinovyev, Andrei},
  journal={Frontiers in genetics},
  volume={7},
  pages={18},
  year={2016},
  publisher={Frontiers}
}

@Article{huang2009cancer,
  title={Cancer attractors: a systems view of tumors from a gene network dynamics and developmental perspective},
  author={Huang, Sui and Ernberg, Ingemar and Kauffman, Stuart},
  booktitle={Seminars in cell \& developmental biology},
  volume={20},
  number={7},
  pages={869--876},
  year={2009},
  organization={Elsevier}
}

@article{gillespie1976general,
	title = {A general method for numerically simulating the stochastic time evolution of coupled chemical reactions},
	volume = {22},
	issn = {0021-9991},
	doi = {10.1016/0021-9991(76)90041-3},
	number = {4},
	journal = {Journal of Computational Physics},
	author = {Gillespie, Daniel T},
	month = dec,
	year = {1976},
	pages = {403--434}
}

@article{terfve2012cellnoptr,
	title = {{CellNOptR}: a flexible toolkit to train protein signaling networks to data using multiple logic formalisms},
	volume = {6},
	issn = {1752-0509},
	shorttitle = {{CellNOptR}},
	doi = {10.1186/1752-0509-6-133},
	number = {1},
	urldate = {2019-04-29},
	journal = {BMC Systems Biology},
	author = {Terfve, Camille and Cokelaer, Thomas and Henriques, David and MacNamara, Aidan and Goncalves, Emanuel and Morris, Melody K. and Iersel, Martijn van and Lauffenburger, Douglas A. and Saez-Rodriguez, Julio},
	month = oct,
	year = {2012},
	pages = {133}
}

@article{ostrowski2016boolean,
	series = {Selected papers from the {Computational} {Methods} in {Systems} {Biology} 2015 conference},
	title = {Boolean network identification from perturbation time series data combining dynamics abstraction and logic programming},
	volume = {149},
	issn = {0303-2647},
	doi = {10.1016/j.biosystems.2016.07.009},
	urldate = {2019-04-29},
	journal = {Biosystems},
	author = {Ostrowski, M. and Paulev{\'e}, L. and Schaub, T. and Siegel, A. and Guziolowski, C.},
	month = nov,
	year = {2016},
	keywords = {Answer Set Programming, Boolean networks, Model identification, Multiplex phosphoproteomics data, Time series data},
	pages = {139--153}
}

@article{stoll2012continuous,
  title={Continuous time Boolean modeling for biological signaling: application of Gillespie algorithm},
  author={Stoll, Gautier and Viara, Eric and Barillot, Emmanuel and Calzone, Laurence},
  journal={BMC systems biology},
  volume={6},
  number={1},
  pages={116},
  year={2012},
  publisher={BioMed Central}
}

@article{albert2008boolean,
  title={Boolean network simulations for life scientists},
  author={Albert, Istv{\'a}n and Thakar, Juilee and Li, Song and Zhang, Ranran and Albert, R{\'e}ka},
  journal={Source code for biology and medicine},
  volume={3},
  number={1},
  pages={16},
  year={2008},
  publisher={BioMed Central}
}

@article{helikar2012cell,
  title={The cell collective: toward an open and collaborative approach to systems biology},
  author={Helikar, Tom{\'a}{\v{s}} and Kowal, Bryan and McClenathan, Sean and Bruckner, Mitchell and Rowley, Thaine and Madrahimov, Alex and Wicks, Ben and Shrestha, Manish and Limbu, Kahani and Rogers, Jim A},
  journal={BMC systems biology},
  volume={6},
  number={1},
  pages={96},
  year={2012},
  publisher={BioMed Central}
}

@article{naldi2018biolqm,
  title={BioLQM: a java toolkit for the manipulation and conversion of Logical Qualitative Models of biological networks},
  author={Naldi, Aur{\'e}lien},
  journal={Frontiers in physiology},
  volume={9},
  pages={1605},
  year={2018},
  publisher={Frontiers}
}

@inproceedings{Pint,
  TITLE = {{Pint: A Static Analyzer for Transient Dynamics of Qualitative Networks with IPython Interface}},
  AUTHOR = {Paulev{\'e}, Lo{\"i}c},
  BOOKTITLE = {{CMSB 2017 - 15th conference on Computational Methods for Systems Biology}},
  PUBLISHER = {Springer},
  SERIES = {Lecture Notes in Computer Science},
  VOLUME = {10545},
  PAGES = {370 - 316},
  YEAR = {2017},
  DOI = {10.1007/978-3-319-67471-1\_20},
}

@article{mussel2010boolnet,
  title={BoolNet?an R package for generation, reconstruction and analysis of Boolean networks},
  author={M{\"u}ssel, Christoph and Hopfensitz, Martin and Kestler, Hans A},
  journal={Bioinformatics},
  volume={26},
  number={10},
  pages={1378--1380},
  year={2010},
  publisher={Oxford University Press}
}

@article{klarner2016pyboolnet,
  title={PyBoolNet: a python package for the generation, analysis and visualization of boolean networks},
  author={Klarner, Hannes and Streck, Adam and Siebert, Heike},
  journal={Bioinformatics},
  volume={33},
  number={5},
  pages={770--772},
  year={2016},
  publisher={Oxford University Press}
}

@article{naldi2018logical,
  title={Logical modeling and analysis of cellular regulatory networks with ginsim 3.0},
  author={Naldi, Aur{\'e}lien and Hernandez, C{\'e}line and Abou-Jaoud{\'e}, Wassim and Monteiro, Pedro T and Chaouiya, Claudine and Thieffry, Denis},
  journal={Frontiers in physiology},
  volume={9},
  year={2018},
  publisher={Frontiers Media SA}
}


@article{naldi2018colomoto,
  title={The CoLoMoTo interactive notebook: accessible and reproducible computational analyses for qualitative biological networks},
  author={Naldi, Aur{\'e}lien and Hernandez, C{\'e}line and Levy, Nicolas and Stoll, Gautier and Monteiro, Pedro T and Chaouiya, Claudine and Helikar, Tom{\'a}{\v{s}} and Zinovyev, Andrei and Calzone, Laurence and Cohen-Boulakia, Sarah and others},
  journal={Frontiers in physiology},
  volume={9},
  pages={680},
  year={2018},
  publisher={Frontiers}
}

@article{stoll2017maboss,
  title={MaBoSS 2.0: an environment for stochastic Boolean modeling},
  author={Stoll, Gautier and Caron, Barth{\'e}l{\'e}my and Viara, Eric and Dugourd, Aur{\'e}lien and Zinovyev, Andrei and Naldi, Aur{\'e}lien and Kroemer, Guido and Barillot, Emmanuel and Calzone, Laurence},
  journal={Bioinformatics},
  volume={33},
  number={14},
  pages={2226--2228},
  year={2017},
  publisher={Oxford University Press}
}

@book{thomas1990biological,
  title={Biological feedback},
  author={Thomas, Ren{\'e} and d'Ari, Richard},
  year={1990},
  publisher={CRC press}
}

@article{jacob1961genetic,
  title={Genetic regulatory mechanisms in the synthesis of proteins},
  author={Jacob, Fran{\c{c}}ois and Monod, Jacques},
  journal={Journal of molecular biology},
  volume={3},
  number={3},
  pages={318--356},
  year={1961},
  publisher={Elsevier}
}

@article{razzaq2018computational,
  title={Computational discovery of dynamic cell line specific Boolean networks from multiplex time-course data},
  author={Razzaq, Misbah and Paulev{\'e}, Lo{\"\i}c and Siegel, Anne and Saez-Rodriguez, Julio and Bourdon, J{\'e}r{\'e}mie and Guziolowski, Carito},
  journal={PLoS computational biology},
  volume={14},
  number={10},
  pages={e1006538},
  year={2018},
  publisher={Public Library of Science}
}

@article{kanehisa2012kegg,
  title={KEGG for integration and interpretation of large-scale molecular data sets},
  author={Kanehisa, Minoru and Goto, Susumu and Sato, Yoko and Furumichi, Miho and Tanabe, Mao},
  journal={Nucleic acids research},
  volume={40},
  number={D1},
  pages={D109--D114},
  year={2012},
  publisher={Oxford University Press}
}

@article{salvucci2019system,
  title={System-based approaches as prognostic tools for glioblastoma},
  author={Salvucci, Manuela and Zakaria, Zaitun and Carberry, Steven and Tivnan, Amanda and Seifert, Volker and K{\"o}gel, Donat and Murphy, Brona M and Prehn, Jochen HM},
  journal={BMC cancer},
  volume={19},
  number={1},
  pages={1092},
  year={2019},
  publisher={Springer}
}

@article{murphy2013activation,
  title={Activation of executioner caspases is a predictor of progression-free survival in glioblastoma patients: a systems medicine approach},
  author={Murphy, {\'A} C and Weyhenmeyer, Birgit and Schmid, Jasmin and Kilbride, Se{\'a}n M and Rehm, Markus and Huber, Heinrich J and Senft, C and Weissenberger, J and Seifert, V and Dunst, M and others},
  journal={Cell death \& disease},
  volume={4},
  number={5},
  pages={e629--e629},
  year={2013},
  publisher={Nature Publishing Group}
}

@article{sawyers2008cancer,
  title={The cancer biomarker problem},
  author={Sawyers, Charles L},
  journal={Nature},
  volume={452},
  number={7187},
  pages={548--552},
  year={2008},
  publisher={Nature Publishing Group}
}

@article{henry2012cancer,
  title={Cancer biomarkers},
  author={Henry, N Lynn and Hayes, Daniel F},
  journal={Molecular oncology},
  volume={6},
  number={2},
  pages={140--146},
  year={2012},
  publisher={Wiley Online Library}
}

@article{oldenhuis2008prognostic,
  title={Prognostic versus predictive value of biomarkers in oncology},
  author={Oldenhuis, CNAM and Oosting, SF and Gietema, JA and De Vries, EGE},
  journal={European Journal of Cancer},
  volume={44},
  number={7},
  pages={946--953},
  year={2008},
  publisher={Elsevier}
}

@article{hidalgo2017high,
  title={High throughput estimation of functional cell activities reveals disease mechanisms and predicts relevant clinical outcomes},
  author={Hidalgo, Marta R and Cubuk, Cankut and Amadoz, Alicia and Salavert, Francisco and Carbonell-Caballero, Jos{\'e} and Dopazo, Joaquin},
  journal={Oncotarget},
  volume={8},
  number={3},
  pages={5160},
  year={2017},
  publisher={Impact Journals, LLC}
}

@article{jastrzebski2018integrative,
  title={Integrative modeling identifies key determinants of inhibitor sensitivity in breast cancer cell lines},
  author={Jastrzebski, Katarzyna and Thijssen, Bram and Kluin, Roelof JC and de Lint, Klaas and Majewski, Ian J and Beijersbergen, Roderick L and Wessels, Lodewyk FA},
  journal={Cancer research},
  volume={78},
  number={15},
  pages={4396--4410},
  year={2018},
  publisher={AACR}
}

@article{knijnenburg2016logic,
  title={Logic models to predict continuous outputs based on binary inputs with an application to personalized cancer therapy},
  author={Knijnenburg, Theo A and Klau, Gunnar W and Iorio, Francesco and Garnett, Mathew J and McDermott, Ultan and Shmulevich, Ilya and Wessels, Lodewyk FA},
  journal={Scientific reports},
  volume={6},
  number={1},
  pages={1--14},
  year={2016},
  publisher={Nature Publishing Group}
}

@article{zanudo2017network,
  title={A network modeling approach to elucidate drug resistance mechanisms and predict combinatorial drug treatments in breast cancer},
  author={Za{\~n}udo, Jorge G{\'o}mez Tejeda and Scaltriti, Maurizio and Albert, R{\'e}ka},
  journal={Cancer convergence},
  volume={1},
  number={1},
  pages={5},
  year={2017},
  publisher={Springer}
}

@article{khan2017unraveling,
  title={Unraveling a tumor type-specific regulatory core underlying E2F1-mediated epithelial-mesenchymal transition to predict receptor protein signatures},
  author={Khan, Faiz M and Marquardt, Stephan and Gupta, Shailendra K and Knoll, Susanne and Schmitz, Ulf and Spitschak, Alf and Engelmann, David and Vera, Julio and Wolkenhauer, Olaf and P{\"u}tzer, Brigitte M},
  journal={Nature communications},
  volume={8},
  number={1},
  pages={1--15},
  year={2017},
  publisher={Nature Publishing Group}
}

@article{salvucci2019machine,
  title={A machine learning platform to optimize the translation of personalized network models to the clinic},
  author={Salvucci, Manuela and Rahman, Arman and Resler, Alexa J and Udupi, Girish M and McNamara, Deborah A and Kay, Elaine W and Laurent-Puig, Pierre and Longley, Daniel B and Johnston, Patrick G and Lawler, Mark and others},
  journal={JCO clinical cancer informatics},
  volume={3},
  pages={1--17},
  year={2019},
  publisher={American Society of Clinical Oncology}
}

@article{salvucci2017stepwise,
  title={A stepwise integrated approach to personalized risk predictions in stage III colorectal cancer},
  author={Salvucci, Manuela and W{\"u}rstle, Maximilian L and Morgan, Clare and Curry, Sarah and Cremona, Mattia and Lindner, Andreas U and Bacon, Orna and Resler, Alexa J and Murphy, Aine C and O'Byrne, Robert and others},
  journal={Clinical Cancer Research},
  volume={23},
  number={5},
  pages={1200--1212},
  year={2017},
  publisher={AACR}
}

@article{hector2012clinical,
  title={Clinical application of a systems model of apoptosis execution for the prediction of colorectal cancer therapy responses and personalisation of therapy},
  author={Hector, Suzanne and Rehm, Markus and Schmid, Jasmin and Kehoe, Joan and McCawley, Niamh and Dicker, Patrick and Murray, Frank and McNamara, Deborah and Kay, Elaine W and Concannon, Caoimhin G and others},
  journal={Gut},
  volume={61},
  number={5},
  pages={725--733},
  year={2012},
  publisher={BMJ Publishing Group}
}

@article{fey2015signaling,
  title={Signaling pathway models as biomarkers: Patient-specific simulations of JNK activity predict the survival of neuroblastoma patients},
  author={Fey, Dirk and Halasz, Melinda and Dreidax, Daniel and Kennedy, Sean P and Hastings, Jordan F and Rauch, Nora and Munoz, Amaya Garcia and Pilkington, Ruth and Fischer, Matthias and Westermann, Frank and others},
  journal={Sci. Signal.},
  volume={8},
  number={408},
  pages={ra130--ra130},
  year={2015},
  publisher={American Association for the Advancement of Science}
}

@article{kauffman1969homeostasis,
  title={Homeostasis and differentiation in random genetic control networks},
  author={Kauffman, Stuart},
  journal={Nature},
  volume={224},
  number={5215},
  pages={177--178},
  year={1969},
  publisher={Springer}
}

@article{remy2015modeling,
  title={A modeling approach to explain mutually exclusive and co-occurring genetic alterations in bladder tumorigenesis},
  author={Remy, Elisabeth and Rebouissou, Sandra and Chaouiya, Claudine and Zinovyev, Andrei and Radvanyi, Fran{\c{c}}ois and Calzone, Laurence},
  journal={Cancer research},
  volume={75},
  number={19},
  pages={4042--4052},
  year={2015},
  publisher={AACR}
}

@article{saez2011comparing,
  title={Comparing signaling networks between normal and transformed hepatocytes using discrete logical models},
  author={Saez-Rodriguez, Julio and Alexopoulos, Leonidas G and Zhang, MingSheng and Morris, Melody K and Lauffenburger, Douglas A and Sorger, Peter K},
  journal={Cancer research},
  volume={71},
  number={16},
  pages={5400--5411},
  year={2011},
  publisher={AACR}
}

@article{thomas1973boolean,
  title={Boolean formalization of genetic control circuits},
  author={Thomas, Ren{\'e}},
  journal={Journal of theoretical biology},
  volume={42},
  number={3},
  pages={563--585},
  year={1973},
  publisher={Elsevier}
}

@article{abou2016logical,
  title={Logical modeling and dynamical analysis of cellular networks},
  author={Abou-Jaoud{\'e}, Wassim and Traynard, Pauline and Monteiro, Pedro T and Saez-Rodriguez, Julio and Helikar, Tom{\'a}{\v{s}} and Thieffry, Denis and Chaouiya, Claudine},
  journal={Frontiers in genetics},
  volume={7},
  pages={94},
  year={2016},
  publisher={Frontiers}
}

@article{frohlich2018efficient,
  title={Efficient parameter estimation enables the prediction of drug response using a mechanistic pan-cancer pathway model},
  author={Fr{\"o}hlich, Fabian and Kessler, Thomas and Weindl, Daniel and Shadrin, Alexey and Schmiester, Leonard and Hache, Hendrik and Muradyan, Artur and Sch{\"u}tte, Moritz and Lim, Ji-Hyun and Heinig, Matthias and others},
  journal={Cell Systems},
  volume={7},
  number={6},
  pages={567--579},
  year={2018},
  publisher={Elsevier}
}

@article{polynikis2009comparing,
  title={Comparing different ODE modelling approaches for gene regulatory networks},
  author={Polynikis, Athanasios and Hogan, SJ and di Bernardo, Mario},
  journal={Journal of theoretical biology},
  volume={261},
  number={4},
  pages={511--530},
  year={2009},
  publisher={Elsevier}
}

@article{villaverde2014reverse,
  title={Reverse engineering and identification in systems biology: strategies, perspectives and challenges},
  author={Villaverde, Alejandro F and Banga, Julio R},
  journal={Journal of the Royal Society Interface},
  volume={11},
  number={91},
  pages={20130505},
  year={2014},
  publisher={The Royal Society}
}

@article{calzone2018logical,
  title={Logical versus kinetic modeling of biological networks: applications in cancer research},
  author={Calzone, Laurence and Barillot, Emmanuel and Zinovyev, Andrei},
  journal={Current Opinion in Chemical Engineering},
  volume={21},
  pages={22--31},
  year={2018},
  publisher={Elsevier}
}

@book{barillot2012computational,
  title={Computational systems biology of cancer},
  author={Barillot, Emmanuel and Calzone, Laurence and Hupe, Philippe and Vert, Jean-Philippe and Zinovyev, Andrei},
  year={2012},
  publisher={CRC Press}
}

@article{bhalla1999emergent,
  title={Emergent properties of networks of biological signaling pathways},
  author={Bhalla, Upinder S and Iyengar, Ravi},
  journal={Science},
  volume={283},
  number={5400},
  pages={381--387},
  year={1999},
  publisher={American Association for the Advancement of Science}
}

@article{pawson2007oncogenic,
  title={Oncogenic re-wiring of cellular signaling pathways},
  author={Pawson, T and Warner, N},
  journal={Oncogene},
  volume={26},
  number={9},
  pages={1268--1275},
  year={2007},
  publisher={Nature Publishing Group}
}

@article{hornberg2006cancer,
  title={Cancer: a systems biology disease},
  author={Hornberg, Jorrit J and Bruggeman, Frank J and Westerhoff, Hans V and Lankelma, Jan},
  journal={Biosystems},
  volume={83},
  number={2-3},
  pages={81--90},
  year={2006},
  publisher={Elsevier}
}

@article{kreeger2010cancer,
  title={Cancer systems biology: a network modeling perspective},
  author={Kreeger, Pamela K and Lauffenburger, Douglas A},
  journal={Carcinogenesis},
  volume={31},
  number={1},
  pages={2--8},
  year={2010},
  publisher={Oxford University Press}
}

@article{de2002modeling,
  title={Modeling and simulation of genetic regulatory systems: a literature review},
  author={De Jong, Hidde},
  journal={Journal of computational biology},
  volume={9},
  number={1},
  pages={67--103},
  year={2002},
  publisher={Mary Ann Liebert, Inc.}
}

@article{flobak2015discovery,
  title={Discovery of drug synergies in gastric cancer cells predicted by logical modeling},
  author={Flobak, {\AA}smund and Baudot, Ana{\"\i}s and Remy, Elisabeth and Thommesen, Liv and Thieffry, Denis and Kuiper, Martin and L{\ae}greid, Astrid},
  journal={PLoS computational biology},
  volume={11},
  number={8},
  year={2015},
  publisher={Public Library of Science}
}

@article{calzone2010mathematical,
  title={Mathematical modelling of cell-fate decision in response to death receptor engagement},
  author={Calzone, Laurence and Tournier, Laurent and Fourquet, Simon and Thieffry, Denis and Zhivotovsky, Boris and Barillot, Emmanuel and Zinovyev, Andrei},
  journal={PLoS computational biology},
  volume={6},
  number={3},
  year={2010},
  publisher={Public Library of Science}
}

@inproceedings{powathil2015systems,
  title={Systems oncology: towards patient-specific treatment regimes informed by multiscale mathematical modelling},
  author={Powathil, Gibin G and Swat, Maciej and Chaplain, Mark AJ},
  booktitle={Seminars in cancer biology},
  volume={30},
  pages={13--20},
  year={2015},
  organization={Elsevier}
}

@article{nicolo2020machine,
  title={Machine learning and mechanistic modeling for prediction of metastatic relapse in early-stage breast cancer},
  author={Nicol{\`o}, Chiara and P{\'e}rier, Cynthia and Prague, Melanie and Bellera, Carine and MacGrogan, Ga{\"e}tan and Saut, Olivier and Benzekry, S{\'e}bastien},
  journal={JCO Clinical Cancer Informatics},
  volume={4},
  pages={259--274},
  year={2020},
  publisher={American Society of Clinical Oncology}
}

@article{letort2019physiboss,
  title={PhysiBoSS: a multi-scale agent-based modelling framework integrating physical dimension and cell signalling},
  author={Letort, Gaelle and Montagud, Arnau and Stoll, Gautier and Heiland, Randy and Barillot, Emmanuel and Macklin, Paul and Zinovyev, Andrei and Calzone, Laurence},
  journal={Bioinformatics},
  volume={35},
  number={7},
  pages={1188--1196},
  year={2019},
  publisher={Oxford University Press}
}

@article{bozic2010accumulation,
  title={Accumulation of driver and passenger mutations during tumor progression},
  author={Bozic, Ivana and Antal, Tibor and Ohtsuki, Hisashi and Carter, Hannah and Kim, Dewey and Chen, Sining and Karchin, Rachel and Kinzler, Kenneth W and Vogelstein, Bert and Nowak, Martin A},
  journal={Proceedings of the National Academy of Sciences},
  volume={107},
  number={43},
  pages={18545--18550},
  year={2010},
  publisher={National Acad Sciences}
}

@article{swanson2003virtual,
  title={Virtual and real brain tumors: using mathematical modeling to quantify glioma growth and invasion},
  author={Swanson, Kristin R and Bridge, Carly and Murray, JD and Alvord Jr, Ellsworth C},
  journal={Journal of the neurological sciences},
  volume={216},
  number={1},
  pages={1--10},
  year={2003},
  publisher={Elsevier}
}

@article{araujo2004history,
  title={A history of the study of solid tumour growth: the contribution of mathematical modelling},
  author={Araujo, Robyn P and McElwain, DL Sean},
  journal={Bulletin of mathematical biology},
  volume={66},
  number={5},
  pages={1039--1091},
  year={2004},
  publisher={Elsevier}
}

@article{knudson1971mutation,
  title={Mutation and cancer: statistical study of retinoblastoma},
  author={Knudson, Alfred G},
  journal={Proceedings of the National Academy of Sciences},
  volume={68},
  number={4},
  pages={820--823},
  year={1971},
  publisher={National Acad Sciences}
}

@article{armitage1954age,
  title={The age distribution of cancer and a multi-stage theory of carcinogenesis},
  author={Armitage, Peter and Doll, Richard},
  journal={British journal of cancer},
  volume={8},
  number={1},
  pages={1},
  year={1954},
  publisher={Nature Publishing Group}
}

@article{bilal2013improving,
  title={Improving breast cancer survival analysis through competition-based multidimensional modeling},
  author={Bilal, Erhan and Dutkowski, Janusz and Guinney, Justin and Jang, In Sock and Logsdon, Benjamin A and Pandey, Gaurav and Sauerwine, Benjamin A and Shimoni, Yishai and Vollan, Hans Kristian Moen and Mecham, Brigham H and others},
  journal={PLoS computational biology},
  volume={9},
  number={5},
  year={2013},
  publisher={Public Library of Science}
}

@article{drier2013pathway,
  title={Pathway-based personalized analysis of cancer},
  author={Drier, Yotam and Sheffer, Michal and Domany, Eytan},
  journal={Proceedings of the National Academy of Sciences},
  volume={110},
  number={16},
  pages={6388--6393},
  year={2013},
  publisher={National Acad Sciences}
}

@article{navin2015first,
  title={The first five years of single-cell cancer genomics and beyond},
  author={Navin, Nicholas E},
  journal={Genome research},
  volume={25},
  number={10},
  pages={1499--1507},
  year={2015},
  publisher={Cold Spring Harbor Lab}
}

@article{behan2019prioritization,
  title={Prioritization of cancer therapeutic targets using CRISPR--Cas9 screens},
  author={Behan, Fiona M and Iorio, Francesco and Picco, Gabriele and Gon{\c{c}}alves, Emanuel and Beaver, Charlotte M and Migliardi, Giorgia and Santos, Rita and Rao, Yanhua and Sassi, Francesco and Pinnelli, Marika and others},
  journal={Nature},
  volume={568},
  number={7753},
  pages={511},
  year={2019},
  publisher={Nature Publishing Group}
}

@article{gao2015high,
  title={High-throughput screening using patient-derived tumor xenografts to predict clinical trial drug response},
  author={Gao, Hui and Korn, Joshua M and Ferretti, St{\'e}phane and Monahan, John E and Wang, Youzhen and Singh, Mallika and Zhang, Chao and Schnell, Christian and Yang, Guizhi and Zhang, Yun and others},
  journal={Nature medicine},
  volume={21},
  number={11},
  pages={1318},
  year={2015},
  publisher={Nature Publishing Group}
}

@article{iorio2016landscape,
  title={A landscape of pharmacogenomic interactions in cancer},
  author={Iorio, Francesco and Knijnenburg, Theo A and Vis, Daniel J and Bignell, Graham R and Menden, Michael P and Schubert, Michael and Aben, Nanne and Gon{\c{c}}alves, Emanuel and Barthorpe, Syd and Lightfoot, Howard and others},
  journal={Cell},
  volume={166},
  number={3},
  pages={740--754},
  year={2016},
  publisher={Elsevier}
}

@article{yang2012genomics,
  title={Genomics of Drug Sensitivity in Cancer (GDSC): a resource for therapeutic biomarker discovery in cancer cells},
  author={Yang, Wanjuan and Soares, Jorge and Greninger, Patricia and Edelman, Elena J and Lightfoot, Howard and Forbes, Simon and Bindal, Nidhi and Beare, Dave and Smith, James A and Thompson, I Richard and others},
  journal={Nucleic acids research},
  volume={41},
  number={D1},
  pages={D955--D961},
  year={2012},
  publisher={Oxford University Press}
}

@article{stadler2014cancer,
  title={Cancer genomics and inherited risk},
  author={Stadler, Zsofia K and Schrader, Kasmintan A and Vijai, Joseph and Robson, Mark E and Offit, Kenneth},
  journal={Journal of Clinical Oncology},
  volume={32},
  number={7},
  pages={687},
  year={2014},
  publisher={American Society of Clinical Oncology}
}

@article{perou2000molecular,
  title={Molecular portraits of human breast tumours},
  author={Perou, Charles M and S{\o}rlie, Therese and Eisen, Michael B and Van De Rijn, Matt and Jeffrey, Stefanie S and Rees, Christian A and Pollack, Jonathan R and Ross, Douglas T and Johnsen, Hilde and Akslen, Lars A and others},
  journal={nature},
  volume={406},
  number={6797},
  pages={747--752},
  year={2000},
  publisher={Nature Publishing Group}
}

@article{venet2011most,
  title={Most random gene expression signatures are significantly associated with breast cancer outcome},
  author={Venet, David and Dumont, Jacques E and Detours, Vincent and others},
  journal={PLoS Comput Biol},
  volume={7},
  number={10},
  pages={e1002240},
  year={2011}
}

@article{anderson2008integrative,
  title={Integrative mathematical oncology},
  author={Anderson, Alexander RA and Quaranta, Vito},
  journal={Nature Reviews Cancer},
  volume={8},
  number={3},
  pages={227--234},
  year={2008},
  publisher={Nature Publishing Group}
}

@article{byrne2010dissecting,
  title={Dissecting cancer through mathematics: from the cell to the animal model},
  author={Byrne, Helen M},
  journal={Nature Reviews Cancer},
  volume={10},
  number={3},
  pages={221--230},
  year={2010},
  publisher={Nature Publishing Group}
}

@article{benzekry2014classical,
  title={Classical mathematical models for description and prediction of experimental tumor growth},
  author={Benzekry, S{\'e}bastien and Lamont, Clare and Beheshti, Afshin and Tracz, Amanda and Ebos, John ML and Hlatky, Lynn and Hahnfeldt, Philip},
  journal={PLoS Comput Biol},
  volume={10},
  number={8},
  pages={e1003800},
  year={2014},
  publisher={Public Library of Science}
}

@article{barbolosi2016computational,
  title={Computational oncologyâ€”mathematical modelling of drug regimens for precision medicine},
  author={Barbolosi, Dominique and Ciccolini, Joseph and Lacarelle, Bruno and Barl{\'e}si, Fabrice and Andr{\'e}, Nicolas},
  journal={Nature reviews Clinical oncology},
  volume={13},
  number={4},
  pages={242},
  year={2016},
  publisher={Nature Publishing Group}
}

@article{helikar2008emergent,
  title={Emergent decision-making in biological signal transduction networks},
  author={Helikar, Tom{\'a}{\v{s}} and Konvalina, John and Heidel, Jack and Rogers, Jim A},
  journal={Proceedings of the National Academy of Sciences},
  volume={105},
  number={6},
  pages={1913--1918},
  year={2008},
  publisher={National Acad Sciences}
}

@article{bouhaddou2018mechanistic,
  title={A mechanistic pan-cancer pathway model informed by multi-omics data interprets stochastic cell fate responses to drugs and mitogens},
  author={Bouhaddou, Mehdi and Barrette, Anne Marie and Stern, Alan D and Koch, Rick J and DiStefano, Matthew S and Riesel, Eric A and Santos, Luis C and Tan, Annie L and Mertz, Alex E and Birtwistle, Marc R},
  journal={PLoS computational biology},
  volume={14},
  number={3},
  pages={e1005985},
  year={2018},
  publisher={Public Library of Science}
}

@article{markevich2004signaling,
  title={Signaling switches and bistability arising from multisite phosphorylation in protein kinase cascades},
  author={Markevich, Nick I and Hoek, Jan B and Kholodenko, Boris N},
  journal={The Journal of cell biology},
  volume={164},
  number={3},
  pages={353--359},
  year={2004},
  publisher={Rockefeller University Press}
}

@article{tyson2003sniffers,
  title={Sniffers, buzzers, toggles and blinkers: dynamics of regulatory and signaling pathways in the cell},
  author={Tyson, John J and Chen, Katherine C and Novak, Bela},
  journal={Current opinion in cell biology},
  volume={15},
  number={2},
  pages={221--231},
  year={2003},
  publisher={Elsevier}
}

@article{tyson2011dynamic,
  title={Dynamic modelling of oestrogen signalling and cell fate in breast cancer cells},
  author={Tyson, John J and Baumann, William T and Chen, Chun and Verdugo, Anael and Tavassoly, Iman and Wang, Yue and Weiner, Louis M and Clarke, Robert},
  journal={Nature Reviews Cancer},
  volume={11},
  number={7},
  pages={523--532},
  year={2011},
  publisher={Nature Publishing Group}
}

@article{le2015quantitative,
  title={Quantitative and logic modelling of molecular and gene networks},
  author={Le Novere, Nicolas},
  journal={Nature Reviews Genetics},
  volume={16},
  number={3},
  pages={146--158},
  year={2015},
  publisher={Nature Publishing Group}
}

@article{ferranti2017value,
  title={The value of prior knowledge in machine learning of complex network systems},
  author={Ferranti, Dana and Krane, David and Craft, David},
  journal={Bioinformatics},
  volume={33},
  number={22},
  pages={3610--3618},
  year={2017},
  publisher={Oxford University Press}
}

@article{kitano2002systems,
  title={Systems biology: a brief overview},
  author={Kitano, Hiroaki},
  journal={science},
  volume={295},
  number={5560},
  pages={1662--1664},
  year={2002},
  publisher={American Association for the Advancement of Science}
}

@article{kitano2002computational,
  title={Computational systems biology},
  author={Kitano, Hiroaki},
  journal={Nature},
  volume={420},
  number={6912},
  pages={206--210},
  year={2002},
  publisher={Nature Publishing Group}
}

@article{barabasi2004network,
  title={Network biology: understanding the cell's functional organization},
  author={Barabasi, Albert-Laszlo and Oltvai, Zoltan N},
  journal={Nature reviews genetics},
  volume={5},
  number={2},
  pages={101--113},
  year={2004},
  publisher={Nature Publishing Group}
}

@article{bellomo2008foundations,
  title={On the foundations of cancer modelling: selected topics, speculations, and perspectives},
  author={Bellomo, Nicola and Li, NK and Maini, Ph K},
  journal={Mathematical Models and Methods in Applied Sciences},
  volume={18},
  number={04},
  pages={593--646},
  year={2008},
  publisher={World Scientific}
}

@article{altrock2015mathematics,
  title={The mathematics of cancer: integrating quantitative models},
  author={Altrock, Philipp M and Liu, Lin L and Michor, Franziska},
  journal={Nature Reviews Cancer},
  volume={15},
  number={12},
  pages={730--745},
  year={2015},
  publisher={Nature Publishing Group}
}

@article{trefois2015critical,
  title={Critical transitions in chronic disease: transferring concepts from ecology to systems medicine},
  author={Trefois, Christophe and Antony, Paul MA and Goncalves, Jorge and Skupin, Alexander and Balling, Rudi},
  journal={Current opinion in biotechnology},
  volume={34},
  pages={48--55},
  year={2015},
  publisher={Elsevier}
}

@article{domany2014using,
  title={Using high-throughput transcriptomic data for prognosis: a critical overview and perspectives},
  author={Domany, Eytan},
  journal={Cancer research},
  volume={74},
  number={17},
  pages={4612--4621},
  year={2014},
  publisher={AACR}
}

@article{jones2008core,
  title={Core signaling pathways in human pancreatic cancers revealed by global genomic analyses},
  author={Jones, Si{\^a}n and Zhang, Xiaosong and Parsons, D Williams and Lin, Jimmy Cheng-Ho and Leary, Rebecca J and Angenendt, Philipp and Mankoo, Parminder and Carter, Hannah and Kamiyama, Hirohiko and Jimeno, Antonio and others},
  journal={science},
  volume={321},
  number={5897},
  pages={1801--1806},
  year={2008},
  publisher={American Association for the Advancement of Science}
}

@article{del2010diseases,
  title={Diseases as network perturbations},
  author={Del Sol, Antonio and Balling, Rudi and Hood, Lee and Galas, David},
  journal={Current opinion in biotechnology},
  volume={21},
  number={4},
  pages={566--571},
  year={2010},
  publisher={Elsevier}
}

@article{vucic2012translating,
  title={Translating cancer â€˜omicsâ€™ to improved outcomes},
  author={Vucic, Emily A and Thu, Kelsie L and Robison, Keith and Rybaczyk, Leszek A and Chari, Raj and Alvarez, Carlos E and Lam, Wan L},
  journal={Genome research},
  volume={22},
  number={2},
  pages={188--195},
  year={2012},
  publisher={Cold Spring Harbor Lab}
}

@article{meyerson2010advances,
  title={Advances in understanding cancer genomes through second-generation sequencing},
  author={Meyerson, Matthew and Gabriel, Stacey and Getz, Gad},
  journal={Nature Reviews Genetics},
  volume={11},
  number={10},
  pages={685--696},
  year={2010},
  publisher={Nature Publishing Group}
}

@article{stratton2009cancer,
  title={The cancer genome},
  author={Stratton, Michael R and Campbell, Peter J and Futreal, P Andrew},
  journal={Nature},
  volume={458},
  number={7239},
  pages={719--724},
  year={2009},
  publisher={Nature Publishing Group}
}

@article{reuter2015high,
  title={High-throughput sequencing technologies},
  author={Reuter, Jason A and Spacek, Damek V and Snyder, Michael P},
  journal={Molecular cell},
  volume={58},
  number={4},
  pages={586--597},
  year={2015},
  publisher={Elsevier}
}

@article{kuperstein2015atlas,
  title={Atlas of Cancer Signalling Network: a systems biology resource for integrative analysis of cancer data with Google Maps},
  author={Kuperstein, I and Bonnet, E and Nguyen, HA and Cohen, D and Viara, E and Grieco, L and Fourquet, S and Calzone, L and Russo, C and Kondratova, M and others},
  journal={Oncogenesis},
  volume={4},
  number={7},
  pages={e160--e160},
  year={2015},
  publisher={Nature Publishing Group}
}

@article{perfetto2016signor,
  title={SIGNOR: a database of causal relationships between biological entities},
  author={Perfetto, Livia and Briganti, Leonardo and Calderone, Alberto and Cerquone Perpetuini, Andrea and Iannuccelli, Marta and Langone, Francesca and Licata, Luana and Marinkovic, Milica and Mattioni, Anna and Pavlidou, Theodora and others},
  journal={Nucleic acids research},
  volume={44},
  number={D1},
  pages={D548--D554},
  year={2016},
  publisher={Oxford University Press}
}

@article{turei2016omnipath,
  title={OmniPath: guidelines and gateway for literature-curated signaling pathway resources},
  author={T{\"u}rei, D{\'e}nes and Korcsm{\'a}ros, Tam{\'a}s and Saez-Rodriguez, Julio},
  journal={Nature methods},
  volume={13},
  number={12},
  pages={966},
  year={2016},
  publisher={Nature Publishing Group}
}

@article{ding2018perspective,
  title={Perspective on oncogenic processes at the end of the beginning of cancer genomics},
  author={Ding, Li and Bailey, Matthew H and Porta-Pardo, Eduard and Thorsson, Vesteinn and Colaprico, Antonio and Bertrand, Denis and Gibbs, David L and Weerasinghe, Amila and Huang, Kuan-lin and Tokheim, Collin and others},
  journal={Cell},
  volume={173},
  number={2},
  pages={305--320},
  year={2018},
  publisher={Elsevier}
}

@article{cancer2012comprehensive,
  title={Comprehensive molecular portraits of human breast tumours},
  author={Cancer Genome Atlas Network and others},
  journal={Nature},
  volume={490},
  number={7418},
  pages={61},
  year={2012},
  publisher={Nature Publishing Group}
}

@article{cancer2008comprehensive,
  title={Comprehensive genomic characterization defines human glioblastoma genes and core pathways},
  author={Cancer Genome Atlas Research Network and others},
  journal={Nature},
  volume={455},
  number={7216},
  pages={1061},
  year={2008},
  publisher={Nature Publishing Group}
}

@article{hasin2017multi,
  title={Multi-omics approaches to disease},
  author={Hasin, Yehudit and Seldin, Marcus and Lusis, Aldons},
  journal={Genome biology},
  volume={18},
  number={1},
  pages={83},
  year={2017},
  publisher={BioMed Central}
}

@article{van2002gene,
  title={Gene expression profiling predicts clinical outcome of breast cancer},
  author={Van't Veer, Laura J and Dai, Hongyue and Van De Vijver, Marc J and He, Yudong D and Hart, Augustinus AM and Mao, Mao and Peterse, Hans L and Van Der Kooy, Karin and Marton, Matthew J and Witteveen, Anke T and others},
  journal={nature},
  volume={415},
  number={6871},
  pages={530--536},
  year={2002},
  publisher={Nature Publishing Group}
}

@article{perou1999distinctive,
  title={Distinctive gene expression patterns in human mammary epithelial cells and breast cancers},
  author={Perou, Charles M and Jeffrey, Stefanie S and Van De Rijn, Matt and Rees, Christian A and Eisen, Michael B and Ross, Douglas T and Pergamenschikov, Alexander and Williams, Cheryl F and Zhu, Shirley X and Lee, Jeffrey CF and others},
  journal={Proceedings of the National Academy of Sciences},
  volume={96},
  number={16},
  pages={9212--9217},
  year={1999},
  publisher={National Acad Sciences}
}

@article{samuels2004high,
  title={High frequency of mutations of the PIK3CA gene in human cancers},
  author={Samuels, Yardena and Wang, Zhenghe and Bardelli, Alberto and Silliman, Natalie and Ptak, Janine and Szabo, Steve and Yan, Hai and Gazdar, Adi and Powell, Steven M and Riggins, Gregory J and others},
  journal={Science},
  volume={304},
  number={5670},
  pages={554--554},
  year={2004},
  publisher={American Association for the Advancement of Science}
}

@article{davies2002mutations,
  title={Mutations of the BRAF gene in human cancer},
  author={Davies, Helen and Bignell, Graham R and Cox, Charles and Stephens, Philip and Edkins, Sarah and Clegg, Sheila and Teague, Jon and Woffendin, Hayley and Garnett, Mathew J and Bottomley, William and others},
  journal={Nature},
  volume={417},
  number={6892},
  pages={949--954},
  year={2002},
  publisher={Nature Publishing Group}
}

@article{venter2001sequence,
  title={The sequence of the human genome},
  author={Venter, J Craig and Adams, Mark D and Myers, Eugene W and Li, Peter W and Mural, Richard J and Sutton, Granger G and Smith, Hamilton O and Yandell, Mark and Evans, Cheryl A and Holt, Robert A and others},
  journal={science},
  volume={291},
  number={5507},
  pages={1304--1351},
  year={2001},
  publisher={American Association for the Advancement of Science}
}

@article{lander2001initial,
  title={Initial sequencing and analysis of the human genome},
  author={Lander, Eric S and Linton, Lauren M and Birren, Bruce and Nusbaum, Chad and Zody, Michael C and Baldwin, Jennifer and Devon, Keri and Dewar, Ken and Doyle, Michael and FitzHugh, William and others},
  year={2001},
  publisher={Macmillan Publishers Ltd.}
}

@article{hahn1999creation,
  title={Creation of human tumour cells with defined genetic elements},
  author={Hahn, William C and Counter, Christopher M and Lundberg, Ante S and Beijersbergen, Roderick L and Brooks, Mary W and Weinberg, Robert A},
  journal={Nature},
  volume={400},
  number={6743},
  pages={464--468},
  year={1999},
  publisher={Nature Publishing Group}
}

@article{nowell1976clonal,
  title={The clonal evolution of tumor cell populations},
  author={Nowell, Peter C},
  journal={Science},
  volume={194},
  number={4260},
  pages={23--28},
  year={1976},
  publisher={American Association for the Advancement of Science}
}

@article{reddy1982point,
  title={A point mutation is responsible for the acquisition of transforming properties by the T24 human bladder carcinoma oncogene},
  author={Reddy, E Premkumar and Reynolds, Roberta K and Santos, Eugenio and Barbacid, Mariano},
  journal={Nature},
  volume={300},
  number={5888},
  pages={149--152},
  year={1982},
  publisher={Nature Publishing Group}
}

@article{crick1970central,
  title={Central dogma of molecular biology},
  author={Crick, Francis},
  journal={Nature},
  volume={227},
  number={5258},
  pages={561--563},
  year={1970},
  publisher={Nature Publishing Group}
}

@article{dulbecco1986turning,
  title={A turning point in cancer research: sequencing the human genome},
  author={Dulbecco, Renato},
  journal={Science},
  volume={231},
  pages={1055--1057},
  year={1986},
  publisher={American Association for the Advancement of Science}
}

@article{lander2011initial,
  title={Initial impact of the sequencing of the human genome},
  author={Lander, Eric S},
  journal={Nature},
  volume={470},
  number={7333},
  pages={187--197},
  year={2011},
  publisher={Nature Publishing Group}
}

@article{hanahan2011hallmarks,
  title={Hallmarks of cancer: the next generation},
  author={Hanahan, Douglas and Weinberg, Robert A},
  journal={cell},
  volume={144},
  number={5},
  pages={646--674},
  year={2011},
  publisher={Elsevier}
}

@article{hanahan2000hallmarks,
  title={The hallmarks of cancer},
  author={Hanahan, Douglas and Weinberg, Robert A},
  journal={cell},
  volume={100},
  number={1},
  pages={57--70},
  year={2000},
  publisher={Elsevier}
}

@article{tomasetti2015variation,
  title={Variation in cancer risk among tissues can be explained by the number of stem cell divisions},
  author={Tomasetti, Cristian and Vogelstein, Bert},
  journal={Science},
  volume={347},
  number={6217},
  pages={78--81},
  year={2015},
  publisher={American Association for the Advancement of Science}
}

@article{tomasetti2015only,
  title={Only three driver gene mutations are required for the development of lung and colorectal cancers},
  author={Tomasetti, Cristian and Marchionni, Luigi and Nowak, Martin A and Parmigiani, Giovanni and Vogelstein, Bert},
  journal={Proceedings of the National Academy of Sciences},
  volume={112},
  number={1},
  pages={118--123},
  year={2015},
  publisher={National Acad Sciences}
}

@article{watson1953molecular,
  title={Molecular structure of nucleic acids},
  author={Watson, James D and Crick, Francis HC},
  journal={Nature},
  volume={171},
  number={4356},
  pages={737--738},
  year={1953}
}

@misc{cohrs2015translational,
  title={Translational medicine definition by the European Society for Translational Medicine},
  author={Cohrs, Randall J and Martin, Tyler and Ghahramani, Parviz and Bidaut, Luc and Higgins, Paul J and Shahzad, Aamir},
  year={2015},
  publisher={Elsevier}
}

@article{hajdu2013note2,
  title={A note from history: Landmarks in history of cancer, Part 6},
  author={Hajdu, Steven I and Vadmal, Manjunath},
  journal={Cancer},
  volume={119},
  number={23},
  pages={4058--4082},
  year={2013},
  publisher={Wiley Online Library}
}

@article{hajdu2013note,
  title={A note from history: landmarks in history of cancer, part 5},
  author={Hajdu, Steven I and Darvishian, Farbod},
  journal={Cancer},
  volume={119},
  number={8},
  pages={1450--1466},
  year={2013},
  publisher={Wiley Online Library}
}

@article{hajdu2012note2,
  title={A note from history: landmarks in history of cancer, part 4},
  author={Hajdu, Steven I},
  journal={Cancer},
  volume={118},
  number={20},
  pages={4914--4928},
  year={2012},
  publisher={Wiley Online Library}
}

@article{hajdu2012note,
  title={A note from history: landmarks in history of cancer, part 3},
  author={Hajdu, Steven I},
  journal={Cancer},
  volume={118},
  number={4},
  pages={1155--1168},
  year={2012},
  publisher={Wiley Online Library}
}

@article{hajdu2011note2,
  title={A note from history: landmarks in history of cancer, part 2},
  author={Hajdu, Steven I},
  journal={Cancer},
  volume={117},
  number={12},
  pages={2811--2820},
  year={2011},
  publisher={Wiley Online Library}
}

@article{hajdu2011note,
  title={A note from history: landmarks in history of cancer, part 1},
  author={Hajdu, Steven I},
  journal={Cancer},
  volume={117},
  number={5},
  pages={1097--1102},
  year={2011},
  publisher={Wiley Online Library}
}

@book{weinberg2013biology,
  title={The biology of cancer},
  author={Weinberg, Robert A},
  year={2013},
  publisher={Garland science}
}

@article{alberts2007molecular,
  title={Molecular biology of the cell. Garland Science},
  author={Alberts, Bruce and Johnson, Alexander and Lewis, Julian and Raff, Martin and Roberts, Keith and Walter, Peter},
  journal={New York},
  volume={1392},
  year={2007}
}

@article{braithwaite1983rembrandt,
  title={Rembrandt's Bathsheba: the dark shadow of the left breast.},
  author={Braithwaite, Peter Allen and Shugg, Dace},
  journal={Annals of the Royal College of Surgeons of England},
  volume={65},
  number={5},
  pages={337},
  year={1983},
  publisher={Royal College of Surgeons of England}
}

@article{heijblom2014monte,
  title={Monte Carlo simulations shed light on Bathsheba's suspect breast},
  author={Heijblom, Michelle and Meijer, Linda M and van Leeuwen, Ton G and Steenbergen, Wiendelt and Manohar, Srirang},
  journal={Journal of biophotonics},
  volume={7},
  number={5},
  pages={323--331},
  year={2014},
  publisher={Wiley Online Library}
}

@article{bianucci2018earliest,
  title={Earliest evidence of malignant breast cancer in Renaissance paintings},
  author={Bianucci, Raffaella and Perciaccante, Antonio and Charlier, Philippe and Appenzeller, Otto and Lippi, Donatella},
  journal={The Lancet Oncology},
  volume={19},
  number={2},
  pages={166--167},
  year={2018},
  publisher={Elsevier}
}

@article{liu2018integrated,
  title={An integrated TCGA pan-cancer clinical data resource to drive high-quality survival outcome analytics},
  author={Liu, Jianfang and Lichtenberg, Tara and Hoadley, Katherine A and Poisson, Laila M and Lazar, Alexander J and Cherniack, Andrew D and Kovatich, Albert J and Benz, Christopher C and Levine, Douglas A and Lee, Adrian V and others},
  journal={Cell},
  volume={173},
  number={2},
  pages={400--416},
  year={2018},
  publisher={Elsevier}
}

@article{sanchez2018oncogenic,
  title={Oncogenic signaling pathways in the cancer genome atlas},
  author={Sanchez-Vega, Francisco and Mina, Marco and Armenia, Joshua and Chatila, Walid K and Luna, Augustin and La, Konnor C and Dimitriadoy, Sofia and Liu, David L and Kantheti, Havish S and Saghafinia, Sadegh and others},
  journal={Cell},
  volume={173},
  number={2},
  pages={321--337},
  year={2018},
  publisher={Elsevier}
}

@article{jemal2017annual,
  title={Annual report to the nation on the status of cancer, 1975--2014, featuring survival},
  author={Jemal, Ahmedin and Ward, Elizabeth M and Johnson, Christopher J and Cronin, Kathleen A and Ma, Jiemin and Ryerson, A Blythe and Mariotto, Angela and Lake, Andrew J and Wilson, Reda and Sherman, Recinda L and others},
  journal={JNCI: Journal of the National Cancer Institute},
  volume={109},
  number={9},
  pages={djx030},
  year={2017},
  publisher={Oxford University Press}
}

@article{bray2018global,
  title={Global cancer statistics 2018: GLOBOCAN estimates of incidence and mortality worldwide for 36 cancers in 185 countries},
  author={Bray, Freddie and Ferlay, Jacques and Soerjomataram, Isabelle and Siegel, Rebecca L and Torre, Lindsey A and Jemal, Ahmedin},
  journal={CA: a cancer journal for clinicians},
  volume={68},
  number={6},
  pages={394--424},
  year={2018},
  publisher={Wiley Online Library}
}

@misc{hewitt1917conservation,
  title={Conservation of Wild Life in Canada},
  author={Hewitt, C Gordon},
  year={1917},
  publisher={Nature Publishing Group}
}

@book{flake1998computational,
  title={The computational beauty of nature: Computer explorations of fractals, chaos, complex systems, and adaptation},
  author={Flake, Gary William},
  year={1998},
  publisher={MIT press}
}

@misc{volterra1926fluctuations,
  title={Fluctuations in the abundance of a species considered mathematically},
  author={Volterra, Vito},
  year={1926},
  publisher={Nature Publishing Group}
}

@article{lotka1925principles,
  title={Principles of physical biology},
  author={Lotka, AJ},
  journal={Baltimore: Waverly},
  year={1925}
}

@article{knuuttila2017modelling,
  title={Modelling as indirect representation? The Lotka--Volterra model revisited},
  author={Knuuttila, Tarja and Loettgers, Andrea},
  journal={The British Journal for the Philosophy of Science},
  volume={68},
  number={4},
  pages={1007--1036},
  year={2017},
  publisher={Oxford University Press}
}

@article{manica2019toward,
  title={Toward explainable anticancer compound sensitivity prediction via multimodal attention-based convolutional encoders},
  author={Manica, Matteo and Oskooei, Ali and Born, Jannis and Subramanian, Vigneshwari and S{\'a}ez-Rodr{\'\i}guez, Julio and RodrÃ­guez MartÃ­nez, MarÃ­a},
  journal={Molecular Pharmaceutics},
  year={2019},
  publisher={ACS Publications}
}

@article{hernan2020causal,
  title={Causal inference: What if},
  author={Hern{\'a}n, MA and Robins, JM},
  journal={Boca Raton: Chapman \& Hill/CRC},
  year={2020}
}

@article{ishwaran2007variable,
  title={Variable importance in binary regression trees and forests},
  author={Ishwaran, Hemant},
  journal={Electronic Journal of Statistics},
  volume={1},
  pages={519--537},
  year={2007},
  publisher={The Institute of Mathematical Statistics and the Bernoulli Society}
}

@book{hastie2009elements,
  title={The elements of statistical learning: data mining, inference, and prediction},
  author={Hastie, Trevor and Tibshirani, Robert and Friedman, Jerome},
  year={2009},
  publisher={Springer Science \& Business Media}
}

@article{cortes1995support,
  title={Support-vector networks},
  author={Cortes, Corinna and Vapnik, Vladimir},
  journal={Machine learning},
  volume={20},
  number={3},
  pages={273--297},
  year={1995},
  publisher={Springer}
}

@article{breiman2001random,
  title={Random forests},
  author={Breiman, Leo},
  journal={Machine learning},
  volume={45},
  number={1},
  pages={5--32},
  year={2001},
  publisher={Springer}
}

@article{breiman2001statistical,
  title={Statistical modeling: The two cultures (with comments and a rejoinder by the author)},
  author={Breiman, Leo},
  journal={Statistical science},
  volume={16},
  number={3},
  pages={199--231},
  year={2001},
  publisher={Institute of Mathematical Statistics}
}

@article{weisberg2007three,
  title={Three kinds of idealization},
  author={Weisberg, Michael},
  journal={The journal of Philosophy},
  volume={104},
  number={12},
  pages={639--659},
  year={2007}
}

@book{potochnik2017idealization,
  title={Idealization and the Aims of Science},
  author={Potochnik, Angela},
  year={2017},
  publisher={University of Chicago Press}
}

@article{deisboeck2009silico,
  title={In silico cancer modeling: is it ready for prime time?},
  author={Deisboeck, Thomas S and Zhang, Le and Yoon, Jeongah and Costa, Jose},
  journal={Nature Clinical Practice Oncology},
  volume={6},
  number={1},
  pages={34--42},
  year={2009},
  publisher={Nature Publishing Group}
}

@book{wan2018mathematical,
  title={Mathematical models and their analysis},
  author={Wan, Frederick YM},
  volume={79},
  year={2018},
  publisher={SIAM}
}

@book{fowler1997mathematical,
  title={Mathematical models in the applied sciences},
  author={Fowler, Andrew Cadle and Fowler, Anna C and Fowler, AC},
  volume={17},
  year={1997},
  publisher={Cambridge University Press}
}

@book{dictionnarymodel,
   note = {Model},
   url = {https://www.collinsdictionary.com/dictionary/english/model},
   author={Collins},
   title = {{The Collins English Dictionary}},
   publisher = {HarperCollins},
   urldate = {2020-14-24},
   year = {2020}
}

@article{baker2018mechanistic,
  title={Mechanistic models versus machine learning, a fight worth fighting for the biological community?},
  author={Baker, Ruth E and Pena, Jose-Maria and Jayamohan, Jayaratnam and J{\'e}rusalem, Antoine},
  journal={Biology letters},
  volume={14},
  number={5},
  pages={20170660},
  year={2018},
  publisher={The Royal Society}
}

@article{rosenblueth1945role,
  title={The role of models in science},
  author={Rosenblueth, Arturo and Wiener, Norbert},
  journal={Philosophy of science},
  volume={12},
  number={4},
  pages={316--321},
  year={1945},
  publisher={Williams and Wilkins Co.}
}

@article{bailer2002scientists,
  title={Scientists' thoughts on scientific models},
  author={Bailer-Jones, Daniela M},
  journal={Perspectives on Science},
  volume={10},
  number={3},
  pages={275--301},
  year={2002},
  publisher={MIT Press}
}

@InCollection{frigg2020models,
	author       =	{Frigg, Roman and Hartmann, Stephan},
	title        =	{Models in Science},
	booktitle    =	{The Stanford Encyclopedia of Philosophy},
	editor       =	{Edward N. Zalta},
	howpublished =	{\url{https://plato.stanford.edu/archives/spr2020/entries/models-science/}},
	year         =	{2020},
	edition      =	{Spring 2020},
	publisher    =	{Metaphysics Research Lab, Stanford University}
}

@article{MBMH19,
author = {Miskovic, Ljubisa and B{\'{e}}al, Jonas and Moret, Michael and Hatzimanikatis, Vassily},
doi = {10.1371/journal.pcbi.1007242},
file = {::},
issn = {15537358},
journal = {PLoS Computational Biology},
publisher = {Public Library of Science},
title = {{Uncertainty reduction in biochemical kinetic models: Enforcing desired model properties}},
url = {https://journals.plos.org/ploscompbiol/article?id=10.1371/journal.pcbi.1007242},
year = {2019}
}

@article{beal2020causal,
  title={Causal inference with multiple versions of treatment and application to personalized medicine},
  author={B{\'e}al, Jonas and Latouche, Aur{\'e}lien},
  journal={arXiv preprint arXiv:2005.12427},
  year={2020}
}

@incollection{beal2020modelisation,
  author      = {BÃ©al, Jonas and RÃ©my, Elizabeth and Calzone, Laurence},
  title       = "ModÃ©lisation logique et donnÃ©es omiques : de la construction des modÃ¨les Ã  la mÃ©decine personnalisÃ©e",
  editor      = "Elisabeth RÃ©my and CÃ©dric Lhoussaine",
  booktitle   = "Approche symbolique de la modÃ©lisation et de l'analyse des systÃ¨mes biologiques",
  publisher   = "ISTE",
  year        = 2020
}

@article{beal2020personalized,
  title={Personalized logical models to investigate cancer response to BRAF treatments in melanomas and colorectal cancers},
  author={B{\'e}al, Jonas and Pantolini, Lorenzo and No{\"e}l, Vincent and Barillot, Emmanuel and Calzone, Laurence},
  journal={bioRxiv},
  year={2020},
  publisher={Cold Spring Harbor Laboratory}
}

@article{beal2019personalization,
author = {B{\'{e}}al, Jonas and Montagud, Arnau and Traynard, Pauline and Barillot, Emmanuel and Calzone, Laurence},
doi = {10.3389/fphys.2018.01965},
file = {::},
issn = {1664-042X},
journal = {Frontiers in Physiology},
keywords = {Breast cancer,Data discretization,Logical models,Personalized mechanistic models,Personalized medicine,Stochastic simulations},
publisher = {Frontiers Media S.A.},
title = {{Personalization of Logical Models With Multi-Omics Data Allows Clinical Stratification of Patients}},
url = {https://www.frontiersin.org/article/10.3389/fphys.2018.01965/full},
year = {2019}
}
