@article{bilal2013improving,
  title={Improving breast cancer survival analysis through competition-based multidimensional modeling},
  author={Bilal, Erhan and Dutkowski, Janusz and Guinney, Justin and Jang, In Sock and Logsdon, Benjamin A and Pandey, Gaurav and Sauerwine, Benjamin A and Shimoni, Yishai and Vollan, Hans Kristian Moen and Mecham, Brigham H and others},
  journal={PLoS computational biology},
  volume={9},
  number={5},
  year={2013},
  publisher={Public Library of Science}
}

@article{drier2013pathway,
  title={Pathway-based personalized analysis of cancer},
  author={Drier, Yotam and Sheffer, Michal and Domany, Eytan},
  journal={Proceedings of the National Academy of Sciences},
  volume={110},
  number={16},
  pages={6388--6393},
  year={2013},
  publisher={National Acad Sciences}
}

@article{navin2015first,
  title={The first five years of single-cell cancer genomics and beyond},
  author={Navin, Nicholas E},
  journal={Genome research},
  volume={25},
  number={10},
  pages={1499--1507},
  year={2015},
  publisher={Cold Spring Harbor Lab}
}

@article{behan2019prioritization,
  title={Prioritization of cancer therapeutic targets using CRISPR--Cas9 screens},
  author={Behan, Fiona M and Iorio, Francesco and Picco, Gabriele and Gon{\c{c}}alves, Emanuel and Beaver, Charlotte M and Migliardi, Giorgia and Santos, Rita and Rao, Yanhua and Sassi, Francesco and Pinnelli, Marika and others},
  journal={Nature},
  volume={568},
  number={7753},
  pages={511},
  year={2019},
  publisher={Nature Publishing Group}
}

@article{hidalgo2014patient,
  title={Patient-derived xenograft models: an emerging platform for translational cancer research},
  author={Hidalgo, Manuel and Amant, Frederic and Biankin, Andrew V and Budinsk{\'a}, Eva and Byrne, Annette T and Caldas, Carlos and Clarke, Robert B and de Jong, Steven and Jonkers, Jos and M{\ae}landsmo, Gunhild Mari and others},
  journal={Cancer discovery},
  volume={4},
  number={9},
  pages={998--1013},
  year={2014},
  publisher={AACR}
}

@article{gao2015high,
  title={High-throughput screening using patient-derived tumor xenografts to predict clinical trial drug response},
  author={Gao, Hui and Korn, Joshua M and Ferretti, St{\'e}phane and Monahan, John E and Wang, Youzhen and Singh, Mallika and Zhang, Chao and Schnell, Christian and Yang, Guizhi and Zhang, Yun and others},
  journal={Nature medicine},
  volume={21},
  number={11},
  pages={1318},
  year={2015},
  publisher={Nature Publishing Group}
}

@article{iorio2016landscape,
  title={A landscape of pharmacogenomic interactions in cancer},
  author={Iorio, Francesco and Knijnenburg, Theo A and Vis, Daniel J and Bignell, Graham R and Menden, Michael P and Schubert, Michael and Aben, Nanne and Gon{\c{c}}alves, Emanuel and Barthorpe, Syd and Lightfoot, Howard and others},
  journal={Cell},
  volume={166},
  number={3},
  pages={740--754},
  year={2016},
  publisher={Elsevier}
}

@article{yang2012genomics,
  title={Genomics of Drug Sensitivity in Cancer (GDSC): a resource for therapeutic biomarker discovery in cancer cells},
  author={Yang, Wanjuan and Soares, Jorge and Greninger, Patricia and Edelman, Elena J and Lightfoot, Howard and Forbes, Simon and Bindal, Nidhi and Beare, Dave and Smith, James A and Thompson, I Richard and others},
  journal={Nucleic acids research},
  volume={41},
  number={D1},
  pages={D955--D961},
  year={2012},
  publisher={Oxford University Press}
}

@article{stadler2014cancer,
  title={Cancer genomics and inherited risk},
  author={Stadler, Zsofia K and Schrader, Kasmintan A and Vijai, Joseph and Robson, Mark E and Offit, Kenneth},
  journal={Journal of Clinical Oncology},
  volume={32},
  number={7},
  pages={687},
  year={2014},
  publisher={American Society of Clinical Oncology}
}

@article{perou2000molecular,
  title={Molecular portraits of human breast tumours},
  author={Perou, Charles M and S{\o}rlie, Therese and Eisen, Michael B and Van De Rijn, Matt and Jeffrey, Stefanie S and Rees, Christian A and Pollack, Jonathan R and Ross, Douglas T and Johnsen, Hilde and Akslen, Lars A and others},
  journal={nature},
  volume={406},
  number={6797},
  pages={747--752},
  year={2000},
  publisher={Nature Publishing Group}
}

@article{venet2011most,
  title={Most random gene expression signatures are significantly associated with breast cancer outcome},
  author={Venet, David and Dumont, Jacques E and Detours, Vincent and others},
  journal={PLoS Comput Biol},
  volume={7},
  number={10},
  pages={e1002240},
  year={2011}
}

@article{anderson2008integrative,
  title={Integrative mathematical oncology},
  author={Anderson, Alexander RA and Quaranta, Vito},
  journal={Nature Reviews Cancer},
  volume={8},
  number={3},
  pages={227--234},
  year={2008},
  publisher={Nature Publishing Group}
}

@article{byrne2010dissecting,
  title={Dissecting cancer through mathematics: from the cell to the animal model},
  author={Byrne, Helen M},
  journal={Nature Reviews Cancer},
  volume={10},
  number={3},
  pages={221--230},
  year={2010},
  publisher={Nature Publishing Group}
}

@article{benzekry2014classical,
  title={Classical mathematical models for description and prediction of experimental tumor growth},
  author={Benzekry, S{\'e}bastien and Lamont, Clare and Beheshti, Afshin and Tracz, Amanda and Ebos, John ML and Hlatky, Lynn and Hahnfeldt, Philip},
  journal={PLoS Comput Biol},
  volume={10},
  number={8},
  pages={e1003800},
  year={2014},
  publisher={Public Library of Science}
}

@article{barbolosi2016computational,
  title={Computational oncologyâ€”mathematical modelling of drug regimens for precision medicine},
  author={Barbolosi, Dominique and Ciccolini, Joseph and Lacarelle, Bruno and Barl{\'e}si, Fabrice and Andr{\'e}, Nicolas},
  journal={Nature reviews Clinical oncology},
  volume={13},
  number={4},
  pages={242},
  year={2016},
  publisher={Nature Publishing Group}
}

@article{helikar2008emergent,
  title={Emergent decision-making in biological signal transduction networks},
  author={Helikar, Tom{\'a}{\v{s}} and Konvalina, John and Heidel, Jack and Rogers, Jim A},
  journal={Proceedings of the National Academy of Sciences},
  volume={105},
  number={6},
  pages={1913--1918},
  year={2008},
  publisher={National Acad Sciences}
}

@article{bouhaddou2018mechanistic,
  title={A mechanistic pan-cancer pathway model informed by multi-omics data interprets stochastic cell fate responses to drugs and mitogens},
  author={Bouhaddou, Mehdi and Barrette, Anne Marie and Stern, Alan D and Koch, Rick J and DiStefano, Matthew S and Riesel, Eric A and Santos, Luis C and Tan, Annie L and Mertz, Alex E and Birtwistle, Marc R},
  journal={PLoS computational biology},
  volume={14},
  number={3},
  pages={e1005985},
  year={2018},
  publisher={Public Library of Science}
}

@article{markevich2004signaling,
  title={Signaling switches and bistability arising from multisite phosphorylation in protein kinase cascades},
  author={Markevich, Nick I and Hoek, Jan B and Kholodenko, Boris N},
  journal={The Journal of cell biology},
  volume={164},
  number={3},
  pages={353--359},
  year={2004},
  publisher={Rockefeller University Press}
}

@article{tyson2003sniffers,
  title={Sniffers, buzzers, toggles and blinkers: dynamics of regulatory and signaling pathways in the cell},
  author={Tyson, John J and Chen, Katherine C and Novak, Bela},
  journal={Current opinion in cell biology},
  volume={15},
  number={2},
  pages={221--231},
  year={2003},
  publisher={Elsevier}
}

@article{tyson2011dynamic,
  title={Dynamic modelling of oestrogen signalling and cell fate in breast cancer cells},
  author={Tyson, John J and Baumann, William T and Chen, Chun and Verdugo, Anael and Tavassoly, Iman and Wang, Yue and Weiner, Louis M and Clarke, Robert},
  journal={Nature Reviews Cancer},
  volume={11},
  number={7},
  pages={523--532},
  year={2011},
  publisher={Nature Publishing Group}
}

@article{le2015quantitative,
  title={Quantitative and logic modelling of molecular and gene networks},
  author={Le Novere, Nicolas},
  journal={Nature Reviews Genetics},
  volume={16},
  number={3},
  pages={146--158},
  year={2015},
  publisher={Nature Publishing Group}
}

@article{ferranti2017value,
  title={The value of prior knowledge in machine learning of complex network systems},
  author={Ferranti, Dana and Krane, David and Craft, David},
  journal={Bioinformatics},
  volume={33},
  number={22},
  pages={3610--3618},
  year={2017},
  publisher={Oxford University Press}
}

@article{kitano2002systems,
  title={Systems biology: a brief overview},
  author={Kitano, Hiroaki},
  journal={science},
  volume={295},
  number={5560},
  pages={1662--1664},
  year={2002},
  publisher={American Association for the Advancement of Science}
}

@article{kitano2002computational,
  title={Computational systems biology},
  author={Kitano, Hiroaki},
  journal={Nature},
  volume={420},
  number={6912},
  pages={206--210},
  year={2002},
  publisher={Nature Publishing Group}
}

@article{barabasi2004network,
  title={Network biology: understanding the cell's functional organization},
  author={Barabasi, Albert-Laszlo and Oltvai, Zoltan N},
  journal={Nature reviews genetics},
  volume={5},
  number={2},
  pages={101--113},
  year={2004},
  publisher={Nature Publishing Group}
}

@article{bellomo2008foundations,
  title={On the foundations of cancer modelling: selected topics, speculations, and perspectives},
  author={Bellomo, Nicola and Li, NK and Maini, Ph K},
  journal={Mathematical Models and Methods in Applied Sciences},
  volume={18},
  number={04},
  pages={593--646},
  year={2008},
  publisher={World Scientific}
}

@article{altrock2015mathematics,
  title={The mathematics of cancer: integrating quantitative models},
  author={Altrock, Philipp M and Liu, Lin L and Michor, Franziska},
  journal={Nature Reviews Cancer},
  volume={15},
  number={12},
  pages={730--745},
  year={2015},
  publisher={Nature Publishing Group}
}

@article{trefois2015critical,
  title={Critical transitions in chronic disease: transferring concepts from ecology to systems medicine},
  author={Trefois, Christophe and Antony, Paul MA and Goncalves, Jorge and Skupin, Alexander and Balling, Rudi},
  journal={Current opinion in biotechnology},
  volume={34},
  pages={48--55},
  year={2015},
  publisher={Elsevier}
}

@article{domany2014using,
  title={Using high-throughput transcriptomic data for prognosis: a critical overview and perspectives},
  author={Domany, Eytan},
  journal={Cancer research},
  volume={74},
  number={17},
  pages={4612--4621},
  year={2014},
  publisher={AACR}
}

@article{jones2008core,
  title={Core signaling pathways in human pancreatic cancers revealed by global genomic analyses},
  author={Jones, Si{\^a}n and Zhang, Xiaosong and Parsons, D Williams and Lin, Jimmy Cheng-Ho and Leary, Rebecca J and Angenendt, Philipp and Mankoo, Parminder and Carter, Hannah and Kamiyama, Hirohiko and Jimeno, Antonio and others},
  journal={science},
  volume={321},
  number={5897},
  pages={1801--1806},
  year={2008},
  publisher={American Association for the Advancement of Science}
}

@article{del2010diseases,
  title={Diseases as network perturbations},
  author={Del Sol, Antonio and Balling, Rudi and Hood, Lee and Galas, David},
  journal={Current opinion in biotechnology},
  volume={21},
  number={4},
  pages={566--571},
  year={2010},
  publisher={Elsevier}
}

@article{vucic2012translating,
  title={Translating cancer â€˜omicsâ€™ to improved outcomes},
  author={Vucic, Emily A and Thu, Kelsie L and Robison, Keith and Rybaczyk, Leszek A and Chari, Raj and Alvarez, Carlos E and Lam, Wan L},
  journal={Genome research},
  volume={22},
  number={2},
  pages={188--195},
  year={2012},
  publisher={Cold Spring Harbor Lab}
}

@article{meyerson2010advances,
  title={Advances in understanding cancer genomes through second-generation sequencing},
  author={Meyerson, Matthew and Gabriel, Stacey and Getz, Gad},
  journal={Nature Reviews Genetics},
  volume={11},
  number={10},
  pages={685--696},
  year={2010},
  publisher={Nature Publishing Group}
}

@article{stratton2009cancer,
  title={The cancer genome},
  author={Stratton, Michael R and Campbell, Peter J and Futreal, P Andrew},
  journal={Nature},
  volume={458},
  number={7239},
  pages={719--724},
  year={2009},
  publisher={Nature Publishing Group}
}

@article{reuter2015high,
  title={High-throughput sequencing technologies},
  author={Reuter, Jason A and Spacek, Damek V and Snyder, Michael P},
  journal={Molecular cell},
  volume={58},
  number={4},
  pages={586--597},
  year={2015},
  publisher={Elsevier}
}

@article{kuperstein2015atlas,
  title={Atlas of Cancer Signalling Network: a systems biology resource for integrative analysis of cancer data with Google Maps},
  author={Kuperstein, I and Bonnet, E and Nguyen, HA and Cohen, D and Viara, E and Grieco, L and Fourquet, S and Calzone, L and Russo, C and Kondratova, M and others},
  journal={Oncogenesis},
  volume={4},
  number={7},
  pages={e160--e160},
  year={2015},
  publisher={Nature Publishing Group}
}

@article{perfetto2016signor,
  title={SIGNOR: a database of causal relationships between biological entities},
  author={Perfetto, Livia and Briganti, Leonardo and Calderone, Alberto and Cerquone Perpetuini, Andrea and Iannuccelli, Marta and Langone, Francesca and Licata, Luana and Marinkovic, Milica and Mattioni, Anna and Pavlidou, Theodora and others},
  journal={Nucleic acids research},
  volume={44},
  number={D1},
  pages={D548--D554},
  year={2016},
  publisher={Oxford University Press}
}

@article{turei2016omnipath,
  title={OmniPath: guidelines and gateway for literature-curated signaling pathway resources},
  author={T{\"u}rei, D{\'e}nes and Korcsm{\'a}ros, Tam{\'a}s and Saez-Rodriguez, Julio},
  journal={Nature methods},
  volume={13},
  number={12},
  pages={966},
  year={2016},
  publisher={Nature Publishing Group}
}

@article{ding2018perspective,
  title={Perspective on oncogenic processes at the end of the beginning of cancer genomics},
  author={Ding, Li and Bailey, Matthew H and Porta-Pardo, Eduard and Thorsson, Vesteinn and Colaprico, Antonio and Bertrand, Denis and Gibbs, David L and Weerasinghe, Amila and Huang, Kuan-lin and Tokheim, Collin and others},
  journal={Cell},
  volume={173},
  number={2},
  pages={305--320},
  year={2018},
  publisher={Elsevier}
}

@article{cancer2012comprehensive,
  title={Comprehensive molecular portraits of human breast tumours},
  author={Cancer Genome Atlas Network and others},
  journal={Nature},
  volume={490},
  number={7418},
  pages={61},
  year={2012},
  publisher={Nature Publishing Group}
}

@article{cancer2008comprehensive,
  title={Comprehensive genomic characterization defines human glioblastoma genes and core pathways},
  author={Cancer Genome Atlas Research Network and others},
  journal={Nature},
  volume={455},
  number={7216},
  pages={1061},
  year={2008},
  publisher={Nature Publishing Group}
}

@article{hasin2017multi,
  title={Multi-omics approaches to disease},
  author={Hasin, Yehudit and Seldin, Marcus and Lusis, Aldons},
  journal={Genome biology},
  volume={18},
  number={1},
  pages={83},
  year={2017},
  publisher={BioMed Central}
}

@article{van2002gene,
  title={Gene expression profiling predicts clinical outcome of breast cancer},
  author={Van't Veer, Laura J and Dai, Hongyue and Van De Vijver, Marc J and He, Yudong D and Hart, Augustinus AM and Mao, Mao and Peterse, Hans L and Van Der Kooy, Karin and Marton, Matthew J and Witteveen, Anke T and others},
  journal={nature},
  volume={415},
  number={6871},
  pages={530--536},
  year={2002},
  publisher={Nature Publishing Group}
}

@article{perou1999distinctive,
  title={Distinctive gene expression patterns in human mammary epithelial cells and breast cancers},
  author={Perou, Charles M and Jeffrey, Stefanie S and Van De Rijn, Matt and Rees, Christian A and Eisen, Michael B and Ross, Douglas T and Pergamenschikov, Alexander and Williams, Cheryl F and Zhu, Shirley X and Lee, Jeffrey CF and others},
  journal={Proceedings of the National Academy of Sciences},
  volume={96},
  number={16},
  pages={9212--9217},
  year={1999},
  publisher={National Acad Sciences}
}

@article{samuels2004high,
  title={High frequency of mutations of the PIK3CA gene in human cancers},
  author={Samuels, Yardena and Wang, Zhenghe and Bardelli, Alberto and Silliman, Natalie and Ptak, Janine and Szabo, Steve and Yan, Hai and Gazdar, Adi and Powell, Steven M and Riggins, Gregory J and others},
  journal={Science},
  volume={304},
  number={5670},
  pages={554--554},
  year={2004},
  publisher={American Association for the Advancement of Science}
}

@article{davies2002mutations,
  title={Mutations of the BRAF gene in human cancer},
  author={Davies, Helen and Bignell, Graham R and Cox, Charles and Stephens, Philip and Edkins, Sarah and Clegg, Sheila and Teague, Jon and Woffendin, Hayley and Garnett, Mathew J and Bottomley, William and others},
  journal={Nature},
  volume={417},
  number={6892},
  pages={949--954},
  year={2002},
  publisher={Nature Publishing Group}
}

@article{venter2001sequence,
  title={The sequence of the human genome},
  author={Venter, J Craig and Adams, Mark D and Myers, Eugene W and Li, Peter W and Mural, Richard J and Sutton, Granger G and Smith, Hamilton O and Yandell, Mark and Evans, Cheryl A and Holt, Robert A and others},
  journal={science},
  volume={291},
  number={5507},
  pages={1304--1351},
  year={2001},
  publisher={American Association for the Advancement of Science}
}

@article{lander2001initial,
  title={Initial sequencing and analysis of the human genome},
  author={Lander, Eric S and Linton, Lauren M and Birren, Bruce and Nusbaum, Chad and Zody, Michael C and Baldwin, Jennifer and Devon, Keri and Dewar, Ken and Doyle, Michael and FitzHugh, William and others},
  year={2001},
  publisher={Macmillan Publishers Ltd.}
}

@article{hahn1999creation,
  title={Creation of human tumour cells with defined genetic elements},
  author={Hahn, William C and Counter, Christopher M and Lundberg, Ante S and Beijersbergen, Roderick L and Brooks, Mary W and Weinberg, Robert A},
  journal={Nature},
  volume={400},
  number={6743},
  pages={464--468},
  year={1999},
  publisher={Nature Publishing Group}
}

@article{nowell1976clonal,
  title={The clonal evolution of tumor cell populations},
  author={Nowell, Peter C},
  journal={Science},
  volume={194},
  number={4260},
  pages={23--28},
  year={1976},
  publisher={American Association for the Advancement of Science}
}

@article{reddy1982point,
  title={A point mutation is responsible for the acquisition of transforming properties by the T24 human bladder carcinoma oncogene},
  author={Reddy, E Premkumar and Reynolds, Roberta K and Santos, Eugenio and Barbacid, Mariano},
  journal={Nature},
  volume={300},
  number={5888},
  pages={149--152},
  year={1982},
  publisher={Nature Publishing Group}
}

@article{crick1970central,
  title={Central dogma of molecular biology},
  author={Crick, Francis},
  journal={Nature},
  volume={227},
  number={5258},
  pages={561--563},
  year={1970},
  publisher={Nature Publishing Group}
}

@article{dulbecco1986turning,
  title={A turning point in cancer research: sequencing the human genome},
  author={Dulbecco, Renato},
  journal={Science},
  volume={231},
  pages={1055--1057},
  year={1986},
  publisher={American Association for the Advancement of Science}
}

@article{lander2011initial,
  title={Initial impact of the sequencing of the human genome},
  author={Lander, Eric S},
  journal={Nature},
  volume={470},
  number={7333},
  pages={187--197},
  year={2011},
  publisher={Nature Publishing Group}
}

@article{hanahan2011hallmarks,
  title={Hallmarks of cancer: the next generation},
  author={Hanahan, Douglas and Weinberg, Robert A},
  journal={cell},
  volume={144},
  number={5},
  pages={646--674},
  year={2011},
  publisher={Elsevier}
}

@article{hanahan2000hallmarks,
  title={The hallmarks of cancer},
  author={Hanahan, Douglas and Weinberg, Robert A},
  journal={cell},
  volume={100},
  number={1},
  pages={57--70},
  year={2000},
  publisher={Elsevier}
}

@article{tomasetti2015variation,
  title={Variation in cancer risk among tissues can be explained by the number of stem cell divisions},
  author={Tomasetti, Cristian and Vogelstein, Bert},
  journal={Science},
  volume={347},
  number={6217},
  pages={78--81},
  year={2015},
  publisher={American Association for the Advancement of Science}
}

@article{tomasetti2015only,
  title={Only three driver gene mutations are required for the development of lung and colorectal cancers},
  author={Tomasetti, Cristian and Marchionni, Luigi and Nowak, Martin A and Parmigiani, Giovanni and Vogelstein, Bert},
  journal={Proceedings of the National Academy of Sciences},
  volume={112},
  number={1},
  pages={118--123},
  year={2015},
  publisher={National Acad Sciences}
}

@article{watson1953molecular,
  title={Molecular structure of nucleic acids},
  author={Watson, James D and Crick, Francis HC},
  journal={Nature},
  volume={171},
  number={4356},
  pages={737--738},
  year={1953}
}

@misc{cohrs2015translational,
  title={Translational medicine definition by the European Society for Translational Medicine},
  author={Cohrs, Randall J and Martin, Tyler and Ghahramani, Parviz and Bidaut, Luc and Higgins, Paul J and Shahzad, Aamir},
  year={2015},
  publisher={Elsevier}
}

@article{hajdu2013note2,
  title={A note from history: Landmarks in history of cancer, Part 6},
  author={Hajdu, Steven I and Vadmal, Manjunath},
  journal={Cancer},
  volume={119},
  number={23},
  pages={4058--4082},
  year={2013},
  publisher={Wiley Online Library}
}

@article{hajdu2013note,
  title={A note from history: landmarks in history of cancer, part 5},
  author={Hajdu, Steven I and Darvishian, Farbod},
  journal={Cancer},
  volume={119},
  number={8},
  pages={1450--1466},
  year={2013},
  publisher={Wiley Online Library}
}

@article{hajdu2012note2,
  title={A note from history: landmarks in history of cancer, part 4},
  author={Hajdu, Steven I},
  journal={Cancer},
  volume={118},
  number={20},
  pages={4914--4928},
  year={2012},
  publisher={Wiley Online Library}
}

@article{hajdu2012note,
  title={A note from history: landmarks in history of cancer, part 3},
  author={Hajdu, Steven I},
  journal={Cancer},
  volume={118},
  number={4},
  pages={1155--1168},
  year={2012},
  publisher={Wiley Online Library}
}

@article{hajdu2011note2,
  title={A note from history: landmarks in history of cancer, part 2},
  author={Hajdu, Steven I},
  journal={Cancer},
  volume={117},
  number={12},
  pages={2811--2820},
  year={2011},
  publisher={Wiley Online Library}
}

@article{hajdu2011note,
  title={A note from history: landmarks in history of cancer, part 1},
  author={Hajdu, Steven I},
  journal={Cancer},
  volume={117},
  number={5},
  pages={1097--1102},
  year={2011},
  publisher={Wiley Online Library}
}

@book{weinberg2013biology,
  title={The biology of cancer},
  author={Weinberg, Robert A},
  year={2013},
  publisher={Garland science}
}

@article{alberts2007molecular,
  title={Molecular biology of the cell. Garland Science},
  author={Alberts, Bruce and Johnson, Alexander and Lewis, Julian and Raff, Martin and Roberts, Keith and Walter, Peter},
  journal={New York},
  volume={1392},
  year={2007}
}

@article{braithwaite1983rembrandt,
  title={Rembrandt's Bathsheba: the dark shadow of the left breast.},
  author={Braithwaite, Peter Allen and Shugg, Dace},
  journal={Annals of the Royal College of Surgeons of England},
  volume={65},
  number={5},
  pages={337},
  year={1983},
  publisher={Royal College of Surgeons of England}
}

@article{heijblom2014monte,
  title={Monte Carlo simulations shed light on Bathsheba's suspect breast},
  author={Heijblom, Michelle and Meijer, Linda M and van Leeuwen, Ton G and Steenbergen, Wiendelt and Manohar, Srirang},
  journal={Journal of biophotonics},
  volume={7},
  number={5},
  pages={323--331},
  year={2014},
  publisher={Wiley Online Library}
}

@article{bianucci2018earliest,
  title={Earliest evidence of malignant breast cancer in Renaissance paintings},
  author={Bianucci, Raffaella and Perciaccante, Antonio and Charlier, Philippe and Appenzeller, Otto and Lippi, Donatella},
  journal={The Lancet Oncology},
  volume={19},
  number={2},
  pages={166--167},
  year={2018},
  publisher={Elsevier}
}

@article{liu2018integrated,
  title={An integrated TCGA pan-cancer clinical data resource to drive high-quality survival outcome analytics},
  author={Liu, Jianfang and Lichtenberg, Tara and Hoadley, Katherine A and Poisson, Laila M and Lazar, Alexander J and Cherniack, Andrew D and Kovatich, Albert J and Benz, Christopher C and Levine, Douglas A and Lee, Adrian V and others},
  journal={Cell},
  volume={173},
  number={2},
  pages={400--416},
  year={2018},
  publisher={Elsevier}
}

@article{sanchez2018oncogenic,
  title={Oncogenic signaling pathways in the cancer genome atlas},
  author={Sanchez-Vega, Francisco and Mina, Marco and Armenia, Joshua and Chatila, Walid K and Luna, Augustin and La, Konnor C and Dimitriadoy, Sofia and Liu, David L and Kantheti, Havish S and Saghafinia, Sadegh and others},
  journal={Cell},
  volume={173},
  number={2},
  pages={321--337},
  year={2018},
  publisher={Elsevier}
}

@article{jemal2017annual,
  title={Annual report to the nation on the status of cancer, 1975--2014, featuring survival},
  author={Jemal, Ahmedin and Ward, Elizabeth M and Johnson, Christopher J and Cronin, Kathleen A and Ma, Jiemin and Ryerson, A Blythe and Mariotto, Angela and Lake, Andrew J and Wilson, Reda and Sherman, Recinda L and others},
  journal={JNCI: Journal of the National Cancer Institute},
  volume={109},
  number={9},
  pages={djx030},
  year={2017},
  publisher={Oxford University Press}
}

@article{bray2018global,
  title={Global cancer statistics 2018: GLOBOCAN estimates of incidence and mortality worldwide for 36 cancers in 185 countries},
  author={Bray, Freddie and Ferlay, Jacques and Soerjomataram, Isabelle and Siegel, Rebecca L and Torre, Lindsey A and Jemal, Ahmedin},
  journal={CA: a cancer journal for clinicians},
  volume={68},
  number={6},
  pages={394--424},
  year={2018},
  publisher={Wiley Online Library}
}

@misc{hewitt1917conservation,
  title={Conservation of Wild Life in Canada},
  author={Hewitt, C Gordon},
  year={1917},
  publisher={Nature Publishing Group}
}

@book{flake1998computational,
  title={The computational beauty of nature: Computer explorations of fractals, chaos, complex systems, and adaptation},
  author={Flake, Gary William},
  year={1998},
  publisher={MIT press}
}

@misc{volterra1926fluctuations,
  title={Fluctuations in the abundance of a species considered mathematically},
  author={Volterra, Vito},
  year={1926},
  publisher={Nature Publishing Group}
}

@article{lotka1925principles,
  title={Principles of physical biology},
  author={Lotka, AJ},
  journal={Baltimore: Waverly},
  year={1925}
}

@article{salvucci2019machine,
  title={A machine learning platform to optimize the translation of personalized network models to the clinic},
  author={Salvucci, Manuela and Rahman, Arman and Resler, Alexa J and Udupi, Girish M and McNamara, Deborah A and Kay, Elaine W and Laurent-Puig, Pierre and Longley, Daniel B and Johnston, Patrick G and Lawler, Mark and others},
  journal={JCO clinical cancer informatics},
  volume={3},
  pages={1--17},
  year={2019},
  publisher={American Society of Clinical Oncology}
}

@article{knuuttila2017modelling,
  title={Modelling as indirect representation? The Lotka--Volterra model revisited},
  author={Knuuttila, Tarja and Loettgers, Andrea},
  journal={The British Journal for the Philosophy of Science},
  volume={68},
  number={4},
  pages={1007--1036},
  year={2017},
  publisher={Oxford University Press}
}

@article{manica2019toward,
  title={Toward explainable anticancer compound sensitivity prediction via multimodal attention-based convolutional encoders},
  author={Manica, Matteo and Oskooei, Ali and Born, Jannis and Subramanian, Vigneshwari and S{\'a}ez-Rodr{\'\i}guez, Julio and RodrÃ­guez MartÃ­nez, MarÃ­a},
  journal={Molecular Pharmaceutics},
  year={2019},
  publisher={ACS Publications}
}

@article{hernan2020causal,
  title={Causal inference: What if},
  author={Hern{\'a}n, MA and Robins, JM},
  journal={Boca Raton: Chapman \& Hill/CRC},
  year={2020}
}

@article{ishwaran2007variable,
  title={Variable importance in binary regression trees and forests},
  author={Ishwaran, Hemant},
  journal={Electronic Journal of Statistics},
  volume={1},
  pages={519--537},
  year={2007},
  publisher={The Institute of Mathematical Statistics and the Bernoulli Society}
}

@book{hastie2009elements,
  title={The elements of statistical learning: data mining, inference, and prediction},
  author={Hastie, Trevor and Tibshirani, Robert and Friedman, Jerome},
  year={2009},
  publisher={Springer Science \& Business Media}
}

@article{cortes1995support,
  title={Support-vector networks},
  author={Cortes, Corinna and Vapnik, Vladimir},
  journal={Machine learning},
  volume={20},
  number={3},
  pages={273--297},
  year={1995},
  publisher={Springer}
}

@article{buhlmann2007boosting,
  title={Boosting algorithms: Regularization, prediction and model fitting},
  author={B{\"u}hlmann, Peter and Hothorn, Torsten},
  journal={Statistical Science},
  volume={22},
  number={4},
  pages={477--505},
  year={2007},
  publisher={Institute of Mathematical Statistics}
}

@article{breiman2001random,
  title={Random forests},
  author={Breiman, Leo},
  journal={Machine learning},
  volume={45},
  number={1},
  pages={5--32},
  year={2001},
  publisher={Springer}
}

@article{breiman2001statistical,
  title={Statistical modeling: The two cultures (with comments and a rejoinder by the author)},
  author={Breiman, Leo},
  journal={Statistical science},
  volume={16},
  number={3},
  pages={199--231},
  year={2001},
  publisher={Institute of Mathematical Statistics}
}

@article{weisberg2007three,
  title={Three kinds of idealization},
  author={Weisberg, Michael},
  journal={The journal of Philosophy},
  volume={104},
  number={12},
  pages={639--659},
  year={2007}
}

@book{potochnik2017idealization,
  title={Idealization and the Aims of Science},
  author={Potochnik, Angela},
  year={2017},
  publisher={University of Chicago Press}
}

@article{deisboeck2009silico,
  title={In silico cancer modeling: is it ready for prime time?},
  author={Deisboeck, Thomas S and Zhang, Le and Yoon, Jeongah and Costa, Jose},
  journal={Nature Clinical Practice Oncology},
  volume={6},
  number={1},
  pages={34--42},
  year={2009},
  publisher={Nature Publishing Group}
}

@book{wan2018mathematical,
  title={Mathematical models and their analysis},
  author={Wan, Frederick YM},
  volume={79},
  year={2018},
  publisher={SIAM}
}

@book{fowler1997mathematical,
  title={Mathematical models in the applied sciences},
  author={Fowler, Andrew Cadle and Fowler, Anna C and Fowler, AC},
  volume={17},
  year={1997},
  publisher={Cambridge University Press}
}

@book{dictionnarymodel,
   note = {Model},
   url = {https://www.collinsdictionary.com/dictionary/english/model},
   author={Collins},
   title = {{The Collins English Dictionary}},
   publisher = {HarperCollins},
   urldate = {2020-14-24},
   year = {2020}
}

@article{baker2018mechanistic,
  title={Mechanistic models versus machine learning, a fight worth fighting for the biological community?},
  author={Baker, Ruth E and Pena, Jose-Maria and Jayamohan, Jayaratnam and J{\'e}rusalem, Antoine},
  journal={Biology letters},
  volume={14},
  number={5},
  pages={20170660},
  year={2018},
  publisher={The Royal Society}
}

@article{rosenblueth1945role,
  title={The role of models in science},
  author={Rosenblueth, Arturo and Wiener, Norbert},
  journal={Philosophy of science},
  volume={12},
  number={4},
  pages={316--321},
  year={1945},
  publisher={Williams and Wilkins Co.}
}

@article{bailer2002scientists,
  title={Scientists' thoughts on scientific models},
  author={Bailer-Jones, Daniela M},
  journal={Perspectives on Science},
  volume={10},
  number={3},
  pages={275--301},
  year={2002},
  publisher={MIT Press}
}

@InCollection{frigg2020models,
	author       =	{Frigg, Roman and Hartmann, Stephan},
	title        =	{Models in Science},
	booktitle    =	{The Stanford Encyclopedia of Philosophy},
	editor       =	{Edward N. Zalta},
	howpublished =	{\url{https://plato.stanford.edu/archives/spr2020/entries/models-science/}},
	year         =	{2020},
	edition      =	{Spring 2020},
	publisher    =	{Metaphysics Research Lab, Stanford University}
}

@article{MBMH19,
author = {Miskovic, Ljubisa and B{\'{e}}al, Jonas and Moret, Michael and Hatzimanikatis, Vassily},
doi = {10.1371/journal.pcbi.1007242},
file = {::},
issn = {15537358},
journal = {PLoS Computational Biology},
publisher = {Public Library of Science},
title = {{Uncertainty reduction in biochemical kinetic models: Enforcing desired model properties}},
url = {https://journals.plos.org/ploscompbiol/article?id=10.1371/journal.pcbi.1007242},
year = {2019}
}

@article{MBMH17,
author = {Miskovic, Ljubisa and B{\'{e}}al, Jonas and Moret, Micha{\"{e}}l Roger Germain and Hatzimanikatis, Vassily},
journal = {Biochemical \& Molecular Engineering},
keywords = {and genome,large,machine learning,reduction of uncertainty,scale kinetic models},
title = {{Deciphering ambiguous control over fluxes through characterization and reduction of uncertainty}},
url = {https://infoscience.epfl.ch/record/231346},
year = {2017}
}

@inproceedings{MBMH18,
author = {Miskovic, Ljubisa and Beal, Jonas and Moret, Michael and Hatzimanikatis, Vassily},
booktitle = {5th Conference on Constraint-Based Reconstruction and Analysis},
keywords = {kinetic models,machine learning,metabolism,uncertainty},
month = {oct},
title = {{Machine Learning for Uncertainty Reduction in Biochemical Kinetic Models}},
year = {2018}
}

@article{BMTBC19,
author = {B{\'{e}}al, Jonas and Montagud, Arnau and Traynard, Pauline and Barillot, Emmanuel and Calzone, Laurence},
doi = {10.3389/fphys.2018.01965},
file = {::},
issn = {1664-042X},
journal = {Frontiers in Physiology},
keywords = {Breast cancer,Data discretization,Logical models,Personalized mechanistic models,Personalized medicine,Stochastic simulations},
publisher = {Frontiers Media S.A.},
title = {{Personalization of Logical Models With Multi-Omics Data Allows Clinical Stratification of Patients}},
url = {https://www.frontiersin.org/article/10.3389/fphys.2018.01965/full},
year = {2019}
}
